@article{borzouei2020diagnosing,
  title={Diagnosing thyroid disorders: Comparison of logistic regression and neural network models},
  author={Borzouei, Shiva and Mahjub, Hossein and Sajadi, Negar Asaad and Farhadian, Maryam},
  journal={Journal of family medicine and primary care},
  volume={9},
  number={3},
  pages={1470--1476},
  year={2020},
  publisher={Medknow}
}


@article{zhou2023aided,
  title={Aided diagnosis of thyroid nodules based on an all-optical diffraction neural network},
  author={Zhou, Lingxiao and Chang, Luchen and Li, Jie and Long, Quanzhou and Shao, Junjie and Zhu, Jialin and Liew, Alan Wee-Chung and Wei, Xi and Zhang, Wanlong and Yuan, Xiaocong},
  journal={Quantitative Imaging in Medicine and Surgery},
  volume={13},
  number={9},
  pages={5713},
  year={2023},
  publisher={AME Publications}
}

@article{ajilisa2023deep,
  title={A Deep Learning Framework for the Characterization of Thyroid Nodules from Ultrasound Images Using Improved Inception Network and Multi-Level Transfer Learning},
  author={Ajilisa, OA and Jagathy Raj, VP and Sabu, MK},
  journal={Diagnostics},
  volume={13},
  number={14},
  pages={2463},
  year={2023},
  publisher={MDPI}
}

@article{sharma2023framework,
  title={A Framework for Detecting Thyroid Cancer from Ultrasound and Histopathological Images Using Deep Learning, Meta-Heuristics, and MCDM Algorithms},
  author={Sharma, Rohit and Mahanti, Gautam Kumar and Panda, Ganapati and Rath, Adyasha and Dash, Sujata and Mallik, Saurav and Hu, Ruifeng},
  journal={Journal of Imaging},
  volume={9},
  number={9},
  pages={173},
  year={2023},
  publisher={MDPI}
}

@article{tian2023swin,
  title={A Swin Transformer-Based Model for Thyroid Nodule Detection in Ultrasound Images},
  author={Tian, Ye and Zhu, Jingqiang and Zhang, Lei and Mou, Lichao and Zhu, Xiaoxiang and Shi, Yilei and Ma, Buyun and Zhao, Wanjun},
  journal={JoVE (Journal of Visualized Experiments)},
  number={194},
  pages={e64480},
  year={2023}
}


@article{mehta2019high,
  title={A high-bias, low-variance introduction to machine learning for physicists},
  author={Mehta, Pankaj and Bukov, Marin and Wang, Ching-Hao and Day, Alexandre GR and Richardson, Clint and Fisher, Charles K and Schwab, David J},
  journal={Physics reports},
  volume={810},
  pages={1--124},
  year={2019},
  publisher={Elsevier}
}

@article{habchi2023ai,
  title={AI in Thyroid Cancer Diagnosis: Techniques, Trends, and Future Directions},
  author={Habchi, Yassine and Himeur, Yassine and Kheddar, Hamza and Boukabou, Abdelkrim and Atalla, Shadi and Chouchane, Ammar and Ouamane, Abdelmalik and Mansoor, Wathiq},
  journal={Systems},
  volume={11},
  number={10},
  pages={519},
  year={2023},
  publisher={MDPI}
}

@article{vaswani2017attention,
  title={Attention is all you need},
  author={Vaswani, Ashish and Shazeer, Noam and Parmar, Niki and Uszkoreit, Jakob and Jones, Llion and Gomez, Aidan N and Kaiser, {\L}ukasz and Polosukhin, Illia},
  journal={Advances in neural information processing systems},
  volume={30},
  year={2017}
}


@article{zhou2020differential,
  title={Differential diagnosis of benign and malignant thyroid nodules using deep learning radiomics of thyroid ultrasound images},
  author={Zhou, Hui and Jin, Yinhua and Dai, Lei and Zhang, Meiwu and Qiu, Yuqin and Tian, Jie and Zheng, Jianjun and others},
  journal={European Journal of Radiology},
  volume={127},
  pages={108992},
  year={2020},
  publisher={Elsevier}
}

@article{khammari2023high,
  title={High-order knowledge-based Discriminant features for kinship verification},
  author={Khammari, Mohammed and Chouchane, Ammar and Ouamane, Abdelmalik and Bessaoudi, Mohcene and Himeur, Yassine and Hassaballah, Mahmoud and others},
  journal={Pattern Recognition Letters},
  volume={175},
  pages={30--37},
  year={2023},
  publisher={Elsevier}
}



@article{jin2020ultrasound,
  title={Ultrasound computer-aided diagnosis (CAD) based on the thyroid imaging reporting and data system (TI-RADS) to distinguish benign from malignant thyroid nodules and the diagnostic performance of radiologists with different diagnostic experience},
  author={Jin, Zhuang and Zhu, Yaqiong and Zhang, Shijie and Xie, Fang and Zhang, Mingbo and Zhang, Ying and Tian, Xiaoqi and Zhang, Jue and Luo, Yukun and Cao, Junying},
  journal={Medical Science Monitor: International Medical Journal of Experimental and Clinical Research},
  volume={26},
  pages={e918452--1},
  year={2020},
  publisher={International Scientific Information, Inc.}
}


@article{lian2023predicting,
  title={Predicting health-related quality of life change using natural language processing in thyroid cancer},
  author={Lian, Ruixue and Hsiao, Vivian and Hwang, Juwon and Ou, Yue and Robbins, Sarah E and Connor, Nadine P and Macdonald, Cameron L and Sippel, Rebecca S and Sethares, William A and Schneider, David F},
  journal={Intelligence-Based Medicine},
  volume={7},
  pages={100097},
  year={2023},
  publisher={Elsevier}
}


@article{pathak2023extracting,
  title={Extracting Thyroid Nodules Characteristics from Ultrasound Reports Using Transformer-based Natural Language Processing Methods},
  author={Pathak, Aman and Yu, Zehao and Paredes, Daniel and Monsour, Elio Paul and Rocha, Andrea Ortiz and Brito, Juan P and Ospina, Naykky Singh and Wu, Yonghui},
  journal={arXiv preprint arXiv:2304.00115},
  year={2023}
}

@article{lian4181370extracting,
  title={Extracting Health-Related Quality of Life Information from Patient Language in Thyroid Cancer Using BERT},
  author={Lian, Ruixue and Hsiao, Vivian and Hwang, Juwon and Ou, Yue and Robbins, Sarah E and Connor, Nadine P and Macdonald, Cameron L and Sippel, Rebecca S and Sethares, William A and Schneider, David F},
  journal={Available at SSRN 4181370}
}

@inproceedings{kongburan2016semi,
  title={Semi-automatic construction of thyroid cancer intervention corpus from biomedical abstracts},
  author={Kongburan, Wutthipong and Padungweang, Praisan and Krathu, Worarat and Chan, Jonathan H},
  booktitle={2016 Eighth International Conference on Advanced Computational Intelligence (ICACI)},
  pages={150--157},
  year={2016},
  organization={IEEE}
}

@inproceedings{nam2023bert,
  title={A BERT-Based Artificial Intelligence to Analyze Free-Text Clinical Notes for Binary Classification in Papillary Thyroid Carcinoma Recurrence},
  author={Nam, Jahyun and Choi, Jee-Woo and Shin, Yong-Goo and Park, Seung},
  booktitle={2023 IEEE International Conference on Consumer Electronics (ICCE)},
  pages={1--2},
  year={2023},
  organization={IEEE}
}

@inproceedings{tran2023video,
  title={A video transformer network for thyroid cancer detection on hyperspectral histologic images},
  author={Tran, Minh Ha and Gomez, Ofelia and Fei, Baowei},
  booktitle={Medical Imaging 2023: Digital and Computational Pathology},
  volume={12471},
  pages={32--41},
  year={2023},
  organization={SPIE}
}

@article{salem2023cancer,
  title={Cancer status in the Occupied Palestinian Territories: types; incidence; mortality; sex, age, and geography distribution; and possible causes},
  author={Salem, Hilmi S},
  journal={Journal of Cancer Research and Clinical Oncology},
  volume={149},
  number={8},
  pages={5139--5163},
  year={2023},
  publisher={Springer}
}

@article{atlihan2020recent,
  title={Recent developments in cancer therapy and diagnosis},
  author={Atlihan-Gundogdu, Evren and Ilem-Ozdemir, Derya and Ekinci, Meliha and Ozgenc, Emre and Demir, Emine Selin and S{\'a}nchez-Dengra, B{\'a}rbara and Gonz{\'a}lez-Alv{\'a}rez, Isabel},
  journal={Journal of pharmaceutical investigation},
  volume={50},
  pages={349--361},
  year={2020},
  publisher={Springer}
}

@inproceedings{yin2022pyramid,
  title={Pyramid Tokens-to-Token Vision Transformer for Thyroid Pathology Image Classification},
  author={Yin, Peng and Yu, Bo and Jiang, Chengwei and Chen, Hechang},
  booktitle={2022 Eleventh International Conference on Image Processing Theory, Tools and Applications (IPTA)},
  pages={1--6},
  year={2022},
  organization={IEEE}
}

@article{yu2023pyramid,
  title={Pyramid multi-loss vision transformer for thyroid cancer classification using cytological smear},
  author={Yu, Bo and Yin, Peng and Chen, Hechang and Wang, Yifei and Zhao, Yu and Cong, Xianling and Dijkstra, Jouke and Cong, Lele},
  journal={Knowledge-Based Systems},
  pages={110721},
  year={2023},
  publisher={Elsevier}
}

@inproceedings{xiao2022contrast,
  title={Contrast-enhanced CT image synthesis of thyroid based on transfomer and texture branching},
  author={Xiao, Ning and Li, Zhenyu and Chen, Shaobo and Zhao, Liangtian and Yang, Yuer and Xie, Hao and Liu, Yang and Quan, Yujuan and Duan, Junwei},
  booktitle={2022 5th International Conference on Artificial Intelligence and Big Data (ICAIBD)},
  pages={94--100},
  year={2022},
  organization={IEEE}
}

@article{wang2022lymph,
  title={Lymph node metastasis prediction from whole slide images with transformer-guided multiinstance learning and knowledge transfer},
  author={Wang, Zhihua and Yu, Lequan and Ding, Xin and Liao, Xuehong and Wang, Liansheng},
  journal={IEEE Transactions on Medical Imaging},
  volume={41},
  number={10},
  pages={2777--2787},
  year={2022},
  publisher={IEEE}
}

@article{wang2023shared,
  title={Shared-specific Feature Learning with Bottleneck Fusion Transformer for Multi-modal Whole Slide Image Analysis},
  author={Wang, Zhihua and Yu, Lequan and Ding, Xin and Liao, Xuehong and Wang, Liansheng},
  journal={IEEE Transactions on Medical Imaging},
  year={2023},
  publisher={IEEE}
}

@article{tao2022local,
  title={Local and context-attention adaptive LCA-Net for thyroid nodule segmentation in ultrasound images},
  author={Tao, Zhen and Dang, Hua and Shi, Yueting and Wang, Weijiang and Wang, Xiaohua and Ren, Shiwei},
  journal={Sensors},
  volume={22},
  number={16},
  pages={5984},
  year={2022},
  publisher={MDPI}
}

@article{tampu2023diseased,
  title={Diseased thyroid tissue classification in OCT images using deep learning: Towards surgical decision support},
  author={Tampu, Iulian Emil and Eklund, Anders and Johansson, Kenth and Gimm, Oliver and Haj-Hosseini, Neda},
  journal={Journal of Biophotonics},
  volume={16},
  number={2},
  pages={e202200227},
  year={2023},
  publisher={Wiley Online Library}
}


@inproceedings{bechar2023harenessing,
title={Harnessing Transformers: A Leap Forward in Lung Cancer Image Detection},
author={Amine Becha and, Youssef Elmir and Rafik Medjoudj and Yassine Himeur and Abbes Amira},
booktitle={2022 6th International Conference on Signal Processing and Information Security (ICSPIS)},
pages={1--6},
year={2023},
organization={IEEE}
}


@inproceedings{chouchane2023improving,
  title={Improving CNN-based Person Re-identification using score Normalization},
  author={Chouchane, Ammar and Ouamane, Abdelmalik and Himeur, Yassine and Mansoor, Wathiq and Atalla, Shadi and Benzaibak, Afaf and Boudellal, Chahrazed},
  booktitle={2023 IEEE International Conference on Image Processing (ICIP)},
  pages={2890--2894},
  year={2023},
  organization={IEEE}
}

@article{sun2023classification,
  title={Classification for thyroid nodule using ViT with contrastive learning in ultrasound images},
  author={Sun, Jiawei and Wu, Bobo and Zhao, Tong and Gao, Liugang and Xie, Kai and Lin, Tao and Sui, Jianfeng and Li, Xiaoqin and Wu, Xiaojin and Ni, Xinye},
  journal={Computers in Biology and Medicine},
  volume={152},
  pages={106444},
  year={2023},
  publisher={Elsevier}
}

@article{ma2023amseg,
  title={AMSeg: A Novel Adversarial Architecture based Multi-scale Fusion Framework for Thyroid Nodule Segmentation},
  author={Ma, Xiaoxuan and Sun, Boyang and Liu, Weifeng and Sui, Dong and Chen, Jing and Tian, Zhaofeng},
  journal={IEEE Access},
  year={2023},
  publisher={IEEE}
}

@article{liu2023dca,
  title={DCA-Net: Dual-branch contextual-aware network for auxiliary localization and segmentation of parathyroid glands},
  author={Liu, Qian and Ding, Feng and Li, Jiyu and Ji, Shuxia and Liu, Kailin and Geng, Chong and Lyu, Lei},
  journal={Biomedical Signal Processing and Control},
  volume={84},
  pages={104856},
  year={2023},
  publisher={Elsevier}
}

@article{li2023fusing,
  title={Fusing enhanced Transformer and large kernel CNN for malignant thyroid nodule segmentation},
  author={Li, Geng and Chen, Ruyue and Zhang, Jun and Liu, Kailin and Geng, Chong and Lyu, Lei},
  journal={Biomedical Signal Processing and Control},
  volume={83},
  pages={104636},
  year={2023},
  publisher={Elsevier}
}

@article{jiang2023hybrid,
  title={A hybrid enhanced attention transformer network for medical ultrasound image segmentation},
  author={Jiang, Tao and Xing, Wenyu and Yu, Ming and Ta, Dean},
  journal={Biomedical Signal Processing and Control},
  volume={86},
  pages={105329},
  year={2023},
  publisher={Elsevier}
}

@article{jia2023deep,
  title={Deep learning with transformer or convolutional neural network in the assessment of tumor-infiltrating lymphocytes (TILs) in breast cancer based on US images: a dual-center retrospective study},
  author={Jia, Yingying and Wu, Ruichao and Lu, Xiangyu and Duan, Ying and Zhu, Yangyang and Ma, Yide and Nie, Fang},
  journal={Cancers},
  volume={15},
  number={3},
  pages={838},
  year={2023},
  publisher={MDPI}
}

@article{jerbi2023automatic,
  title={Automatic classification of ultrasound thyroids images using vision transformers and generative adversarial networks},
  author={JERBI, Feres and ABOUDI, Noura and KHLIFA, Nawres},
  journal={Scientific African},
  volume={20},
  pages={e01679},
  year={2023},
  publisher={Elsevier}
}

@inproceedings{dov2021affinitention,
  title={Affinitention nets: kernel perspective on attention architectures for set classification with applications to medical text and images},
  author={Dov, David and Assaad, Serge and Si, Shijing and Wang, Rui and Xu, Hongteng and Kovalsky, Shahar Ziv and Bell, Jonathan and Range, Danielle Elliott and Cohen, Jonathan and Henao, Ricardo and others},
  booktitle={Proceedings of the Conference on Health, Inference, and Learning},
  pages={14--24},
  year={2021}
}

@article{chi2023hybrid,
  title={Hybrid transformer UNet for thyroid segmentation from ultrasound scans},
  author={Chi, Jianning and Li, Zelan and Sun, Zhiyi and Yu, Xiaosheng and Wang, Huan},
  journal={Computers in Biology and Medicine},
  volume={153},
  pages={106453},
  year={2023},
  publisher={Elsevier}
}

@article{chen2023joint,
  title={Joint Segmentation and Differential Diagnosis of Thyroid Nodule in Contrast-Enhanced Ultrasound Images},
  author={Chen, Fang and Han, Haojie and Wan, Peng and Liao, Hongen and Liu, Chunrui and Zhang, Daoqiang},
  journal={IEEE Transactions on Biomedical Engineering},
  year={2023},
  publisher={IEEE}
}


@article{bi2023bpat,
  title={BPAT-UNet: Boundary preserving assembled transformer UNet for ultrasound thyroid nodule segmentation},
  author={Bi, Hui and Cai, Chengjie and Sun, Jiawei and Jiang, Yibo and Lu, Gang and Shu, Huazhong and Ni, Xinye},
  journal={Computer Methods and Programs in Biomedicine},
  volume={238},
  pages={107614},
  year={2023},
  publisher={Elsevier}
}

@article{arunachalam2021study,
  title={Study on knowledge of chemotherapy's adverse effects and their self-care ability to manage-The cancer survivors impact},
  author={Arunachalam, Serma Subathra and Shetty, Asha P and Panniyadi, Nandakumar and Meena, Chanchal and Kumari, Jyothi and Rani, Bidhya and Das, Priyanka and Kumari, Savitha},
  journal={Clinical Epidemiology and Global Health},
  volume={11},
  pages={100765},
  year={2021},
  publisher={Elsevier}
}

@article{dabbagh2022application,
  title={Application of microfluidic platforms in cancer therapy},
  author={Dabbagh Moghaddam, Farnaz and Romana Bertani, Francesca},
  journal={Materials Chemistry Horizons},
  volume={1},
  number={1},
  pages={69--88},
  year={2022},
  publisher={Damghan University}
}

@article{lee2021federated,
  title={Federated learning for thyroid ultrasound image analysis to protect personal information: Validation study in a real health care environment},
  author={Lee, Haeyun and Chai, Young Jun and Joo, Hyunjin and Lee, Kyungsu and Hwang, Jae Youn and Kim, Seok-Mo and Kim, Kwangsoon and Nam, Inn-Chul and Choi, June Young and Yu, Hyeong Won and others},
  journal={JMIR medical informatics},
  volume={9},
  number={5},
  pages={e25869},
  year={2021},
  publisher={JMIR Publications Inc., Toronto, Canada}
}

@article{kheddar2023deepSteg,
  title={Deep Learning for Diverse Data Types Steganalysis: A Review},
  author={Kheddar, Hamza and Hemis, Mustapha and Himeur, Yassine and Meg{\'\i}as, David and Amira, Abbes},
  journal={arXiv preprint arXiv:2308.04522},
  year={2023}
}

@article{smolensky1986information,
  title={Information processing in dynamical systems: Foundations of harmony theory},
  author={Smolensky, Paul and others},
  year={1986},
  publisher={Department of Computer Science, University of Colorado, Boulder}
}

@article{antunes2022federated,
  title={Federated learning for healthcare: Systematic review and architecture proposal},
  author={Antunes, Rodolfo Stoffel and Andr{\'e} da Costa, Cristiano and K{\"u}derle, Arne and Yari, Imrana Abdullahi and Eskofier, Bj{\"o}rn},
  journal={ACM Transactions on Intelligent Systems and Technology (TIST)},
  volume={13},
  number={4},
  pages={1--23},
  year={2022},
  publisher={ACM New York, NY}
}

@article{park2019association,
  title={Association between radiomics signature and disease-free survival in conventional papillary thyroid carcinoma},
  author={Park, Vivian Y and Han, Kyunghwa and Lee, Eunjung and Kim, Eun-Kyung and Moon, Hee Jung and Yoon, Jung Hyun and Kwak, Jin Young},
  journal={Scientific reports},
  volume={9},
  number={1},
  pages={4501},
  year={2019},
  publisher={Nature Publishing Group UK London}
}

@article{gu2019prediction,
  title={Prediction of immunohistochemistry of suspected thyroid nodules by use of machine learning--based radiomics},
  author={Gu, Jiabing and Zhu, Jian and Qiu, Qingtao and Wang, Yungang and Bai, Tong and Yin, Yong},
  journal={American Journal of Roentgenology},
  volume={213},
  number={6},
  pages={1348--1357},
  year={2019},
  publisher={Am Roentgen Ray Soc}
}



@article{wei2021radiomics,
  title={Radiomics based on multiparametric MRI for extrathyroidal extension feature prediction in papillary thyroid cancer},
  author={Wei, Ran and Wang, Hao and Wang, Lanyun and Hu, Wenjuan and Sun, Xilin and Dai, Zedong and Zhu, Jie and Li, Hong and Ge, Yaqiong and Song, Bin},
  journal={BMC Medical Imaging},
  volume={21},
  pages={1--8},
  year={2021},
  publisher={Springer}
}

@article{wang2021radiomic,
  title={A radiomic nomogram for the ultrasound-based evaluation of extrathyroidal extension in papillary thyroid carcinoma},
  author={Wang, Xian and Agyekum, Enock Adjei and Ren, Yongzhen and Zhang, Jin and Zhang, Qing and Sun, Hui and Zhang, Guoliang and Xu, Feiju and Bo, Xiangshu and Lv, Wenzhi and others},
  journal={Frontiers in Oncology},
  volume={11},
  pages={625646},
  year={2021},
  publisher={Frontiers Media SA}
}


@inproceedings{hamza2023hybrid,
  title={Hybrid Whale-Mud-Ring Optimization for Precise Color Skin Cancer Image Segmentation},
  author={Amir Hamza and Badis Lekouaghet and Yassine Himeur},
  booktitle={2022 6th International Conference on Signal Processing and Information Security (ICSPIS)},
  pages={1--6},
  year={2023},
  organization={IEEE}
}


@article{wu2021deep,
  title={Deep learning based on ACR TI-RADS can improve the differential diagnosis of thyroid nodules},
  author={Wu, Ge-Ge and Lv, Wen-Zhi and Yin, Rui and Xu, Jian-Wei and Yan, Yu-Jing and Chen, Rui-Xue and Wang, Jia-Yu and Zhang, Bo and Cui, Xin-Wu and Dietrich, Christoph F},
  journal={Frontiers in Oncology},
  volume={11},
  pages={575166},
  year={2021},
  publisher={Frontiers Media SA}
}

@article{kim2021convolutional,
  title={Convolutional neural network to stratify the malignancy risk of thyroid nodules: diagnostic performance compared with the American college of radiology thyroid imaging reporting and data system implemented by experienced radiologists},
  author={Kim, GR and Lee, E and Kim, HR and Yoon, JH and Park, VY and Kwak, JY},
  journal={American Journal of Neuroradiology},
  volume={42},
  number={8},
  pages={1513--1519},
  year={2021},
  publisher={Am Soc Neuroradiology}
}


@inproceedings{hou2023boosting,
  title={Boosting Ultrasonic Image Classification via Self-Supervised Representation Learning},
  author={Hou, Yajie and Sang, Qingbing},
  booktitle={2023 3rd International Conference on Computer, Control and Robotics (ICCCR)},
  pages={116--120},
  year={2023},
  organization={IEEE}
}

@inproceedings{liu2023self,
  title={Self-supervised learning enhanced ultrasound video thyroid nodule tracking},
  author={Liu, Ningtao and Fenster, Aaron and Tessier, David and Gou, Shuiping and Chong, Jaron},
  booktitle={Medical Imaging 2023: Image Processing},
  volume={12464},
  pages={683--687},
  year={2023},
  organization={SPIE}
}

@article{yadav2023assessment,
  title={Assessment of encoder-decoder-based segmentation models for thyroid ultrasound images},
  author={Yadav, Niranjan and Dass, Rajeshwar and Virmani, Jitendra},
  journal={Medical \& Biological Engineering \& Computing},
  pages={1--37},
  year={2023},
  publisher={Springer}
}



@article{nobile2023unsupervised,
  title={Unsupervised neural networks as a support tool for pathology diagnosis in MALDI-MSI experiments: A case study on thyroid biopsies},
  author={Nobile, Marco S and Capitoli, Giulia and Sowirono, Virgil and Clerici, Francesca and Piga, Isabella and van Abeelen, Kirsten and Magni, Fulvio and Pagni, Fabio and Galimberti, Stefania and Cazzaniga, Paolo and others},
  journal={Expert Systems with Applications},
  volume={215},
  pages={119296},
  year={2023},
  publisher={Elsevier}
}

@inproceedings{kate2023check,
  title={Check for updates The Role of Machine Learning in Thyroid Cancer Diagnosis},
  author={Kate, Monika D and Kale, Vijay},
  booktitle={Proceedings of the International Conference on Applications of Machine Intelligence and Data Analytics (ICAMIDA 2022)},
  volume={105},
  pages={276},
  year={2023},
  organization={Springer Nature}
}

@article{sun2020evaluation,
  title={Evaluation of a deep learning-based computer-aided diagnosis system for distinguishing benign from malignant thyroid nodules in ultrasound images},
  author={Sun, Chao and Zhang, Yukang and Chang, Qing and Liu, Tianjiao and Zhang, Shaohang and Wang, Xi and Guo, Qianqian and Yao, Jinpeng and Sun, Weidong and Niu, Lijuan},
  journal={Medical Physics},
  volume={47},
  number={9},
  pages={3952--3960},
  year={2020},
  publisher={Wiley Online Library}
}

@article{wang2020comparison,
  title={Comparison study of radiomics and deep learning-based methods for thyroid nodules classification using ultrasound images},
  author={Wang, Yongfeng and Yue, Wenwen and Li, Xiaolong and Liu, Shuyu and Guo, Lehang and Xu, Huixiong and Zhang, Heye and Yang, Guang},
  journal={Ieee Access},
  volume={8},
  pages={52010--52017},
  year={2020},
  publisher={IEEE}
}

@article{chan2021using,
  title={Using deep convolutional neural networks for enhanced ultrasonographic image diagnosis of differentiated thyroid cancer},
  author={Chan, Wai-Kin and Sun, Jui-Hung and Liou, Miaw-Jene and Li, Yan-Rong and Chou, Wei-Yu and Liu, Feng-Hsuan and Chen, Szu-Tah and Peng, Syu-Jyun},
  journal={Biomedicines},
  volume={9},
  number={12},
  pages={1771},
  year={2021},
  publisher={MDPI}
}


@article{kwon2020ultrasonographic,
  title={Ultrasonographic thyroid nodule classification using a deep convolutional neural network with surgical pathology},
  author={Kwon, Soon Woo and Choi, Ik Joon and Kang, Ju Yong and Jang, Won Il and Lee, Guk-Haeng and Lee, Myung-Chul},
  journal={Journal of digital imaging},
  volume={33},
  pages={1202--1208},
  year={2020},
  publisher={Springer}
}

@article{lu2020application,
  title={Application of deep learning in the prediction of benign and malignant thyroid nodules on ultrasound images},
  author={Lu, Yinghui and Yang, Yi and Chen, Wan},
  journal={IEEE Access},
  volume={8},
  pages={221468--221480},
  year={2020},
  publisher={IEEE}
}

@article{tsou2019mapping,
  title={Mapping driver mutations to histopathological subtypes in papillary thyroid carcinoma: applying a deep convolutional neural network},
  author={Tsou, Peiling and Wu, Chang-Jiun},
  journal={Journal of clinical medicine},
  volume={8},
  number={10},
  pages={1675},
  year={2019},
  publisher={MDPI}
}

@article{li2019diagnosis,
  title={Diagnosis of thyroid cancer using deep convolutional neural network models applied to sonographic images: a retrospective, multicohort, diagnostic study},
  author={Li, Xiangchun and Zhang, Sheng and Zhang, Qiang and Wei, Xi and Pan, Yi and Zhao, Jing and Xin, Xiaojie and Qin, Chunxin and Wang, Xiaoqing and Li, Jianxin and others},
  journal={The Lancet Oncology},
  volume={20},
  number={2},
  pages={193--201},
  year={2019},
  publisher={Elsevier}
}



@article{lee2019application,
  title={Application of deep learning to the diagnosis of cervical lymph node metastasis from thyroid cancer with CT},
  author={Lee, Jeong Hoon and Ha, Eun Ju and Kim, Ju Han},
  journal={European radiology},
  volume={29},
  pages={5452--5457},
  year={2019},
  publisher={Springer}
}


@article{gitto2019computer,
  title={A computer-aided diagnosis system for the assessment and characterization of low-to-high suspicion thyroid nodules on ultrasound},
  author={Gitto, Salvatore and Grassi, Giorgia and De Angelis, Chiara and Monaco, Cristian Giuseppe and Sdao, Silvana and Sardanelli, Francesco and Sconfienza, Luca Maria and Mauri, Giovanni},
  journal={La radiologia medica},
  volume={124},
  pages={118--125},
  year={2019},
  publisher={Springer}
}

@article{choi2017computer,
  title={A computer-aided diagnosis system using artificial intelligence for the diagnosis and characterization of thyroid nodules on ultrasound: initial clinical assessment},
  author={Choi, Young Jun and Baek, Jung Hwan and Park, Hye Sun and Shim, Woo Hyun and Kim, Tae Yong and Shong, Young Kee and Lee, Jeong Hyun},
  journal={Thyroid},
  volume={27},
  number={4},
  pages={546--552},
  year={2017},
  publisher={Mary Ann Liebert, Inc. 140 Huguenot Street, 3rd Floor New Rochelle, NY 10801 USA}
}

@article{kim2022deep,
  title={Deep convolutional neural network for classification of thyroid nodules on ultrasound: Comparison of the diagnostic performance with that of radiologists},
  author={Kim, Yeon-Jae and Choi, Yangsean and Hur, Su-Jin and Park, Ki-Sun and Kim, Hyun-Jin and Seo, Minkook and Lee, Min Kyoung and Jung, So-Lyung and Jung, Chan Kwon},
  journal={European Journal of Radiology},
  volume={152},
  pages={110335},
  year={2022},
  publisher={Elsevier}
}

@article{zhu2021efficient,
  title={An efficient deep convolutional neural network model for visual localization and automatic diagnosis of thyroid nodules on ultrasound images},
  author={Zhu, Jialin and Zhang, Sheng and Yu, Ruiguo and Liu, Zhiqiang and Gao, Hongyan and Yue, Bing and Liu, Xun and Zheng, Xiangqian and Gao, Ming and Wei, Xi},
  journal={Quantitative Imaging in Medicine and Surgery},
  volume={11},
  number={4},
  pages={1368},
  year={2021},
  publisher={AME Publications}
}

@article{zhu2019deep,
  title={Deep neural networks could differentiate Bethesda class III versus class IV/V/VI},
  author={Zhu, Yi and Sang, Qiang and Jia, Shijun and Wang, Ying and Deyer, Timothy},
  journal={Annals of translational medicine},
  volume={7},
  number={11},
  year={2019},
  publisher={AME Publications}
}

@article{zuo2018extraction,
  title={Extraction of calcification in ultrasonic images based on convolution neural network},
  author={Zuo, Dongqi and Han, Lin and Chen, Ke and Li, Cheng and Hua, Zhan and Lin, Jiangli},
  journal={Sheng wu yi xue Gong Cheng xue za zhi= Journal of Biomedical Engineering= Shengwu Yixue Gongchengxue Zazhi},
  volume={35},
  number={5},
  pages={679--687},
  year={2018}
}

@article{peng2021deep,
  title={Deep learning-based artificial intelligence model to assist thyroid nodule diagnosis and management: a multicentre diagnostic study},
  author={Peng, Sui and Liu, Yihao and Lv, Weiming and Liu, Longzhong and Zhou, Qian and Yang, Hong and Ren, Jie and Liu, Guangjian and Wang, Xiaodong and Zhang, Xuehua and others},
  journal={The Lancet Digital Health},
  volume={3},
  number={4},
  pages={e250--e259},
  year={2021},
  publisher={Elsevier}
}

@article{gao2018computer,
  title={Computer-aided system for diagnosing thyroid nodules on ultrasound: A comparison with radiologist-based clinical assessments},
  author={Gao, Luying and Liu, Ruyu and Jiang, Yuxin and Song, Wenfeng and Wang, Ying and Liu, Jia and Wang, Juanjuan and Wu, Dongqian and Li, Shuai and Hao, Aimin and others},
  journal={Head \& neck},
  volume={40},
  number={4},
  pages={778--783},
  year={2018},
  publisher={Wiley Online Library}
}

@inproceedings{zhu2017image,
  title={An image augmentation method using convolutional network for thyroid nodule classification by transfer learning},
  author={Zhu, Ye and Fu, Zhuang and Fei, Jian},
  booktitle={2017 3rd IEEE international conference on computer and communications (ICCC)},
  pages={1819--1823},
  year={2017},
  organization={IEEE}
}

@article{ma2017pre,
  title={A pre-trained convolutional neural network based method for thyroid nodule diagnosis},
  author={Ma, Jinlian and Wu, Fa and Zhu, Jiang and Xu, Dong and Kong, Dexing},
  journal={Ultrasonics},
  volume={73},
  pages={221--230},
  year={2017},
  publisher={Elsevier}
}

@article{gild2022risk,
  title={Risk stratification of indeterminate thyroid nodules using ultrasound and machine learning algorithms},
  author={Gild, Matti Lauren and Chan, Mico and Gajera, Jay and Lurie, Brett and Gandomkar, Ziba and Clifton-Bligh, Roderick J},
  journal={Clinical Endocrinology},
  volume={96},
  number={4},
  pages={646--652},
  year={2022},
  publisher={Wiley Online Library}
}

@article{vadhiraj2021ultrasound,
  title={Ultrasound image classification of thyroid nodules using machine learning techniques},
  author={Vadhiraj, Vijay Vyas and Simpkin, Andrew and O’Connell, James and Singh Ospina, Naykky and Maraka, Spyridoula and O’Keeffe, Derek T},
  journal={Medicina},
  volume={57},
  number={6},
  pages={527},
  year={2021},
  publisher={MDPI}
}

@article{bhalla2020expression,
  title={Expression based biomarkers and models to classify early and late-stage samples of Papillary Thyroid Carcinoma},
  author={Bhalla, Sherry and Kaur, Harpreet and Kaur, Rishemjit and Sharma, Suresh and Raghava, Gajendra PS},
  journal={PLoS One},
  volume={15},
  number={4},
  pages={e0231629},
  year={2020},
  publisher={Public Library of Science San Francisco, CA USA}
}

@article{nugroho2021computer,
  title={Computer aided diagnosis for thyroid cancer system based on internal and external characteristics},
  author={Nugroho, Hanung Adi and Frannita, Eka Legya and Ardiyanto, Igi and Choridah, Lina and others},
  journal={Journal of King Saud University-Computer and Information Sciences},
  volume={33},
  number={3},
  pages={329--339},
  year={2021},
  publisher={Elsevier}
}


@article{salazar2019thyroid,
  title={Thyroid Cancer in Ecuador, a 16 years population-based analysis (2001--2016)},
  author={Salazar-Vega, Jorge and Ortiz-Prado, Esteban and Solis-Pazmino, Paola and G{\'o}mez-Barreno, Lenin and Simba{\~n}a-Rivera, Katherine and Henriquez-Trujillo, Aquiles R and Brito, Juan P and Toulkeridis, Theofilos and Coral-Almeida, Marco},
  journal={BMC cancer},
  volume={19},
  pages={1--8},
  year={2019},
  publisher={Springer}
}

@article{bini2021artificial,
  title={Artificial intelligence in thyroid field—a comprehensive review},
  author={Bini, Fabiano and Pica, Andrada and Azzimonti, Laura and Giusti, Alessandro and Ruinelli, Lorenzo and Marinozzi, Franco and Trimboli, Pierpaolo},
  journal={Cancers},
  volume={13},
  number={19},
  pages={4740},
  year={2021},
  publisher={MDPI}
}

@article{cao2023artificial,
  title={Artificial intelligence in thyroid ultrasound},
  author={Cao, Chun-Li and Li, Qiao-Li and Tong, Jin and Shi, Li-Nan and Li, Wen-Xiao and Xu, Ya and Cheng, Jing and Du, Ting-Ting and Li, Jun and Cui, Xin-Wu},
  journal={Frontiers in Oncology},
  volume={13},
  pages={1060702},
  year={2023},
  publisher={Frontiers}
}

@article{amjad2023review,
  title={A Review on Innovation in Healthcare Sector (Telehealth) through Artificial Intelligence},
  author={Amjad, Ayesha and Kordel, Piotr and Fernandes, Gabriela},
  journal={Sustainability},
  volume={15},
  number={8},
  pages={6655},
  year={2023},
  publisher={MDPI}
}

@article{swiecki2022assessment,
  title={Assessment in the age of artificial intelligence},
  author={Swiecki, Zachari and Khosravi, Hassan and Chen, Guanliang and Martinez-Maldonado, Roberto and Lodge, Jason M and Milligan, Sandra and Selwyn, Neil and Ga{\v{s}}evi{\'c}, Dragan},
  journal={Computers and Education: Artificial Intelligence},
  volume={3},
  pages={100075},
  year={2022},
  publisher={Elsevier}
}


@article{bulten2022artificial,
  title={Artificial intelligence for diagnosis and Gleason grading of prostate cancer: the PANDA challenge},
  author={Bulten, Wouter and Kartasalo, Kimmo and Chen, Po-Hsuan Cameron and Str{\"o}m, Peter and Pinckaers, Hans and Nagpal, Kunal and Cai, Yuannan and Steiner, David F and van Boven, Hester and Vink, Robert and others},
  journal={Nature medicine},
  volume={28},
  number={1},
  pages={154--163},
  year={2022},
  publisher={Nature Publishing Group US New York}
}



@article{sayed2021intelligent,
  title={Intelligent edge-based recommender system for internet of energy applications},
  author={Sayed, Aya and Himeur, Yassine and Alsalemi, Abdullah and Bensaali, Faycal and Amira, Abbes},
  journal={IEEE Systems Journal},
  volume={16},
  number={3},
  pages={5001--5010},
  year={2021},
  publisher={IEEE}
}

@article{elharrouss2021panoptic,
  title={Panoptic segmentation: A review},
  author={Elharrouss, Omar and Al-Maadeed, Somaya and Subramanian, Nandhini and Ottakath, Najmath and Almaadeed, Noor and Himeur, Yassine},
  journal={arXiv preprint arXiv:2111.10250},
  year={2021}
}

@article{seifert2023optimization,
  title={Optimization of Thyroid Volume Determination by Stitched 3D-Ultrasound Data Sets in Patients with Structural Thyroid Disease},
  author={Seifert, Philipp and Ullrich, Sophie-Luise and K{\"u}hnel, Christian and G{\"u}hne, Falk and Drescher, Robert and Winkens, Thomas and Freesmeyer, Martin},
  journal={Biomedicines},
  volume={11},
  number={2},
  pages={381},
  year={2023},
  publisher={MDPI}
}

@article{pakkasjarvi2023artificial,
  title={Artificial Intelligence in Surgical Learning},
  author={Pakkasj{\"a}rvi, Niklas and Luthra, Tanvi and Anand, Sachit},
  journal={Surgeries},
  volume={4},
  number={1},
  pages={86--97},
  year={2023},
  publisher={MDPI}
}

@article{melarkode2023ai,
  title={AI-Powered Diagnosis of Skin Cancer: A Contemporary Review, Open Challenges and Future Research Directions},
  author={Melarkode, Navneet and Srinivasan, Kathiravan and Qaisar, Saeed Mian and Plawiak, Pawel},
  journal={Cancers},
  volume={15},
  number={4},
  pages={1183},
  year={2023},
  publisher={MDPI}
}

@article{bodenstedt2020artificial,
  title={Artificial intelligence-assisted surgery: potential and challenges},
  author={Bodenstedt, Sebastian and Wagner, Martin and M{\"u}ller-Stich, Beat Peter and Weitz, J{\"u}rgen and Speidel, Stefanie},
  journal={Visceral Medicine},
  volume={36},
  number={6},
  pages={450--455},
  year={2020},
  publisher={S. Karger AG}
}


@article{alsalemi2022innovative,
  title={An innovative edge-based internet of energy solution for promoting energy saving in buildings},
  author={Alsalemi, Abdullah and Himeur, Yassine and Bensaali, Faycal and Amira, Abbes},
  journal={Sustainable Cities and Society},
  volume={78},
  pages={103571},
  year={2022},
  publisher={Elsevier}
}



@article{acharya2012thyroscreen,
  title={ThyroScreen system: high resolution ultrasound thyroid image characterization into benign and malignant classes using novel combination of texture and discrete wavelet transform},
  author={Acharya, U Rajendra and Faust, Oliver and Sree, S Vinitha and Molinari, Filippo and Suri, Jasjit S},
  journal={Computer methods and programs in biomedicine},
  volume={107},
  number={2},
  pages={233--241},
  year={2012},
  publisher={Elsevier}
}

@article{kalaimani2019analysis,
  title={Analysis for the Prediction of Thyroid Disease by Using ICA and Optimal Kernel SVM Approach},
  author={Kalaimani, I},
  journal={International Journal of Emerging Technology and Innovative Engineering},
  volume={5},
  number={3},
  year={2019}
}

@article{song2022rapid,
  title={Rapid identification of papillary thyroid carcinoma and papillary microcarcinoma based on serum Raman spectroscopy combined with machine learning models},
  author={Song, Haitao and Dong, Chao and Zhang, Xudan and Wu, Wei and Chen, Cheng and Ma, Binlin and Chen, Fangfang and Chen, Chen and Lv, Xiaoyi},
  journal={Photodiagnosis and Photodynamic Therapy},
  volume={37},
  pages={102647},
  year={2022},
  publisher={Elsevier}
}

@inproceedings{nugroho2017classification,
  title={Classification of thyroid ultrasound images based on shape features analysis},
  author={Nugroho, Hanung Adi and Nugroho, Anan and Frannita, Eka Legya and Ardiyanto, Igi and others},
  booktitle={2017 10th Biomedical Engineering International Conference (BMEiCON)},
  pages={1--5},
  year={2017},
  organization={IEEE}
}

@article{ahmad2017thyroid,
  title={Thyroid diseases forecasting using a hybrid decision support system based on ANFIS, k-NN and information gain method},
  author={Ahmad, Waheed and Huang, Lican and Ahmad, Ayaz and Shah, Farooq and Iqbal, Amjad and Saeed, A},
  journal={J Appl Environ Biol Sci},
  volume={7},
  number={10},
  pages={78--85},
  year={2017}
}




@article{song2015model,
  title={A model using texture features to differentiate the nature of thyroid nodules on sonography},
  author={Song, Gesheng and Xue, Fuzhong and Zhang, Chengqi},
  journal={Journal of Ultrasound in Medicine},
  volume={34},
  number={10},
  pages={1753--1760},
  year={2015},
  publisher={Wiley Online Library}
}

@inproceedings{mei2017thyroid,
  title={Thyroid nodule benignty prediction by deep feature extraction},
  author={Mei, Xueyan and Dong, Xiaomeng and Deyer, Timothy and Zeng, Jingyi and Trafalis, Theodore and Fang, Yan},
  booktitle={2017 IEEE 17th International Conference on Bioinformatics and Bioengineering (BIBE)},
  pages={241--245},
  year={2017},
  organization={IEEE}
}

@inproceedings{xie2020hybrid,
  title={A Hybrid Deep Learning and Handcrafted Features based Approach for Thyroid Nodule Classification in Ultrasound Images},
  author={Xie, Jiahao and Guo, Lehang and Zhao, Chongke and Li, Xiaolong and Luo, Ye and Jianwei, Lu},
  booktitle={Journal of Physics: Conference Series},
  volume={1693},
  number={1},
  pages={012160},
  year={2020},
  organization={IOP Publishing}
}

@article{yu2019transverse,
  title={The transverse ultrasonogram of thyroid papillary carcinoma has a better prediction accuracy than the longitudinal one},
  author={Yu, Bingxin and Wang, Zhongyu and Zhu, Renxiang and Feng, Xin and Qi, Mingran and Li, Jialiang and Zhao, Ruixue and Huang, Lan and Xin, Ruihao and Li, Fan and others},
  journal={IEEE Access},
  volume={7},
  pages={100763--100770},
  year={2019},
  publisher={IEEE}
}

@article{liu2021deep,
  title={A deep-learning model to assist thyroid nodule diagnosis and management--Authors' reply},
  author={Liu, Yihao and Liang, Jinyu and Peng, Sui and Wang, Wei and Xiao, Haipeng},
  journal={The Lancet Digital Health},
  volume={3},
  number={7},
  pages={e411--e412},
  year={2021},
  publisher={Elsevier}
}

@article{iesato2021role,
  title={Role of regulatory non-coding RNAs in aggressive thyroid cancer: Prospective applications of neural network analysis},
  author={Iesato, Asumi and Nucera, Carmelo},
  journal={Molecules},
  volume={26},
  number={10},
  pages={3022},
  year={2021},
  publisher={Multidisciplinary Digital Publishing Institute}
}

@article{sharifi2021deep,
  title={Deep learning on ultrasound images of thyroid nodules},
  author={Sharifi, Yasaman and Bakhshali, Mohamad Amin and Dehghani, Toktam and DanaiAshgzari, Morteza and Sargolzaei, Mahdi and Eslami, Saeid},
  journal={Biocybernetics and Biomedical Engineering},
  volume={41},
  number={2},
  pages={636--655},
  year={2021},
  publisher={Elsevier}
}

@article{ha2021applications,
  title={Applications of machine learning and deep learning to thyroid imaging: where do we stand?},
  author={Ha, Eun Ju and Baek, Jung Hwan},
  journal={Ultrasonography},
  volume={40},
  number={1},
  pages={23},
  year={2021},
  publisher={Korean Society of Ultrasound in Medicine}
}

@article{wu2022deep,
  title={Deep multimodal learning for lymph node metastasis prediction of primary thyroid cancer},
  author={Wu, Xing Long and Li, Mengying and Cui, Xin-wu and Xu, Guoping},
  journal={Physics in Medicine \& Biology},
  year={2022},
  publisher={IOP Publishing}
}

@inproceedings{pavithra2022deep,
  title={Deep Learning Method for Classifying Thyroid Nodules Using Ultrasound Images},
  author={Pavithra, S and Yamuna, G and Arunkumar, R},
  booktitle={2022 International Conference on Smart Technologies and Systems for Next Generation Computing (ICSTSN)},
  pages={1--6},
  year={2022},
  organization={IEEE}
}

@article{paul2022artificial,
  title={An Artificial Intelligence Ultrasound Platform for Screening and Staging of Thyroid Cancer},
  author={Paul, Rahul and Juliano, Amy and Faquin, William and Chan, Annie W},
  journal={International Journal of Radiation Oncology, Biology, Physics},
  volume={112},
  number={5},
  pages={e8},
  year={2022},
  publisher={Elsevier}
}

@article{ilyas2022deep,
  title={Deep Learning based Classification of Thyroid Cancer using Different Medical Imaging Modalities: A Systematic Review},
  author={Ilyas, Maheen and Malik, Hassaan and Adnan, Muhammad and Bashir, Umair and Bukhari, Wajahat Anwaar and Khan, Muhammad Imran Ali and Ahmad, Adnan},
  year={2022}
}

@article{han2021computer,
  title={Computer-aided diagnostic system for thyroid nodules on ultrasonography: diagnostic performance based on the thyroid imaging reporting and data system classification and dichotomous outcomes},
  author={Han, M and Ha, EJ and Park, JH},
  journal={American Journal of Neuroradiology},
  volume={42},
  number={3},
  pages={559--565},
  year={2021},
  publisher={Am Soc Neuroradiology}
}

@article{yoon2020artificial,
  title={Artificial intelligence to predict the BRAFV600E mutation in patients with thyroid cancer},
  author={Yoon, Jiyoung and Lee, Eunjung and Koo, Ja Seung and Yoon, Jung Hyun and Nam, Kee-Hyun and Lee, Jandee and Jo, Young Suk and Moon, Hee Jung and Park, Vivian Youngjean and Kwak, Jin Young},
  journal={PloS one},
  volume={15},
  number={11},
  pages={e0242806},
  year={2020},
  publisher={Public Library of Science San Francisco, CA USA}
}

@article{xu2020computer,
  title={Computer-aided diagnosis systems in diagnosing malignant thyroid nodules on ultrasonography: a systematic review and meta-analysis},
  author={Xu, Lei and Gao, Junling and Wang, Quan and Yin, Jichao and Yu, Pengfei and Bai, Bin and Pei, Ruixia and Chen, Dingzhang and Yang, Guochun and Wang, Shiqi and others},
  journal={European thyroid journal},
  volume={9},
  number={4},
  pages={186--193},
  year={2020},
  publisher={Karger Publishers}
}

@article{jeong2019computer,
  title={Computer-aided diagnosis system for thyroid nodules on ultrasonography: diagnostic performance and reproducibility based on the experience level of operators},
  author={Jeong, Eun Young and Kim, Hye Lin and Ha, Eun Ju and Park, Seon Young and Cho, Yoon Joo and Han, Miran},
  journal={European radiology},
  volume={29},
  number={4},
  pages={1978--1985},
  year={2019},
  publisher={Springer}
}

@article{wang2018method,
  title={A method of ultrasonic image recognition for thyroid papillary carcinoma based on deep convolution neural network},
  author={Wang, Yonghua and Wei, Ke and Wan, Pin},
  journal={NeuroQuantology},
  volume={16},
  number={5},
  year={2018},
  publisher={NeuroQuantology}
}

@article{moon2019digital,
  title={Digital medicine in thyroidology: a new era of managing thyroid disease},
  author={Moon, Jae Hoon and Steinhubl, Steven R},
  journal={Endocrinology and Metabolism},
  volume={34},
  number={2},
  pages={124--131},
  year={2019},
  publisher={Korean Endocrine Society}
}

@article{ouyang2019comparison,
  title={Comparison between linear and nonlinear machine-learning algorithms for the classification of thyroid nodules},
  author={Ouyang, Fu-sheng and Guo, Bao-liang and Ouyang, Li-zhu and Liu, Zi-wei and Lin, Shao-jia and Meng, Wei and Huang, Xi-yi and Chen, Hai-xiong and Qiu-Gen, Hu and Yang, Shao-ming},
  journal={European journal of radiology},
  volume={113},
  pages={251--257},
  year={2019},
  publisher={Elsevier}
}

@article{sollini2018texture,
  title={Texture analysis and machine learning to characterize suspected thyroid nodules and differentiated thyroid cancer: Where do we stand?},
  author={Sollini, Martina and Cozzi, Luca and Chiti, Arturo and Kirienko, Margarita},
  journal={European journal of radiology},
  volume={99},
  pages={1--8},
  year={2018},
  publisher={Elsevier}
}

@article{wang2019automatic,
  title={Automatic thyroid nodule recognition and diagnosis in ultrasound imaging with the YOLOv2 neural network},
  author={Wang, Lei and Yang, Shujian and Yang, Shan and Zhao, Cheng and Tian, Guangye and Gao, Yuxiu and Chen, Yongjian and Lu, Yun},
  journal={World journal of surgical oncology},
  volume={17},
  number={1},
  pages={1--9},
  year={2019},
  publisher={Springer}
}

@article{xia2019computer,
  title={A computer-aided diagnosing system in the evaluation of thyroid nodules—experience in a specialized thyroid center},
  author={Xia, Shujun and Yao, Jiejie and Zhou, Wei and Dong, Yijie and Xu, Shangyan and Zhou, Jianqiao and Zhan, Weiwei},
  journal={World Journal of Surgical Oncology},
  volume={17},
  number={1},
  pages={1--8},
  year={2019},
  publisher={Springer}
}

@article{park2019diagnosis,
  title={Diagnosis of thyroid nodules: performance of a deep learning convolutional neural network model vs. radiologists},
  author={Park, Vivian Y and Han, Kyunghwa and Seong, Yeong Kyeong and Park, Moon Ho and Kim, Eun-Kyung and Moon, Hee Jung and Yoon, Jung Hyun and Kwak, Jin Young},
  journal={Scientific reports},
  volume={9},
  number={1},
  pages={1--9},
  year={2019},
  publisher={Nature Publishing Group}
}

@article{shin2020application,
  title={Application of machine learning to ultrasound images to differentiate follicular neoplasms of the thyroid gland},
  author={Shin, Ilah and Kim, Young Jae and Han, Kyunghwa and Lee, Eunjung and Kim, Hye Jung and Shin, Jung Hee and Moon, Hee Jung and Youk, Ji Hyun and Kim, Kwang Gi and Kwak, Jin Young},
  journal={Ultrasonography},
  volume={39},
  number={3},
  pages={257},
  year={2020},
  publisher={Korean Society of Ultrasound in Medicine}
}

@article{koh2020diagnosis,
  title={Diagnosis of thyroid nodules on ultrasonography by a deep convolutional neural network},
  author={Koh, Jieun and Lee, Eunjung and Han, Kyunghwa and Kim, Eun-Kyung and Son, Eun Ju and Sohn, Yu-Mee and Seo, Mirinae and Kwon, Mi-ri and Yoon, Jung Hyun and Lee, Jin Hwa and others},
  journal={Scientific reports},
  volume={10},
  number={1},
  pages={1--9},
  year={2020},
  publisher={Nature Publishing Group}
}

@article{ye2020intelligent,
  title={An intelligent platform for ultrasound diagnosis of thyroid nodules},
  author={Ye, Heng and Hang, Jing and Chen, Xiaowei and Xu, Di and Chen, Jie and Ye, Xinhua and Zhang, Dong},
  journal={Scientific Reports},
  volume={10},
  number={1},
  pages={1--7},
  year={2020},
  publisher={Nature Publishing Group}
}

@article{stib2020thyroid,
  title={Thyroid Nodule Malignancy Risk Stratification Using a Convolutional Neural Network},
  author={Stib, Matthew T and Pan, Ian and Merck, Derek and Middleton, William D and Beland, Michael D},
  journal={Ultrasound Quarterly},
  volume={36},
  number={2},
  pages={164--172},
  year={2020},
  publisher={LWW}
}

@article{wei2020value,
  title={The value of S-Detect in improving the diagnostic performance of radiologists for the differential diagnosis of thyroid nodules},
  author={Wei, Qi and Zeng, Shu-E and Wang, Li-Ping and Yan, Yu-Jing and Wang, Ting and Xu, Jian-Wei and Zhang, Meng-Yi and Lv, Wen-Zhi and Cui, Xin-Wu and Dietrich, Christoph F},
  journal={Medical Ultrasonography},
  volume={22},
  number={4},
  pages={415--423},
  year={2020}
}

@article{liu2021thyroid,
  title={Thyroid nodule recognition using a joint convolutional neural network with information fusion of ultrasound images and radiofrequency data},
  author={Liu, Zhong and Zhong, Shaobin and Liu, Qiang and Xie, Chenxi and Dai, Yunzhu and Peng, Chuan and Chen, Xin and Zou, Ruhai},
  journal={European Radiology},
  volume={31},
  number={7},
  pages={5001--5011},
  year={2021},
  publisher={Springer}
}

@article{zhao2021comparative,
  title={A comparative analysis of two machine learning-based diagnostic patterns with thyroid imaging reporting and data system for thyroid nodules: diagnostic performance and unnecessary biopsy rate},
  author={Zhao, Chong-Ke and Ren, Tian-Tian and Yin, Yi-Fei and Shi, Hui and Wang, Han-Xiang and Zhou, Bo-Yang and Wang, Xin-Rong and Li, Xin and Zhang, Yi-Feng and Liu, Chang and others},
  journal={Thyroid},
  volume={31},
  number={3},
  pages={470--481},
  year={2021},
  publisher={Mary Ann Liebert, Inc., publishers 140 Huguenot Street, 3rd Floor New~…}
}

@article{deng2020global,
  title={Global burden of thyroid cancer from 1990 to 2017},
  author={Deng, YuJiao and Li, HongTao and Wang, Meng and Li, Na and Tian, Tian and Wu, Ying and Xu, Peng and Yang, Si and Zhai, Zhen and Zhou, LingHui and others},
  journal={JAMA network open},
  volume={3},
  number={6},
  pages={e208759--e208759},
  year={2020},
  publisher={American Medical Association}
}

@article{hammouda2006registre,
  title={Registre des tumeurs d’Alger},
  author={Hammouda, D and Aoun, M and Bouzerar, K and others},
  year={2006}
}

@article{abid2008cancer,
  title={Le cancer de la thyroide en Alg{\'e}rie},
  author={Abid, L},
  journal={Guide de la sant{\'e} en Alg{\'e}rie: Actualit{\'e} pathologie},
  year={2008}
}

@misc{AB1,
  title = {{TI-RADS Calculator}},
  howpublished = {Available online: \url{http://tiradscalculator.com/}},
  note = {Accessed: 2021-01-10},
}

@misc{ABC1,
  title = {{AI TI-RADS Calculator}},
  howpublished = {Available online: \url{https://deckard.duhs.duke.edu/~ai-ti-rads/}},
  note = {Accessed: 2021-01-10},
}

@misc{ABCD1,
  title = {{Genomic Data Commons Data Portal}},
  howpublished = {Available online: \url{https://portal.gdc.cancer.gov/}},
  note = {Accessed: 2021-01-10},
}

@misc{NIPH2021,
  title = {{NIPH}},
  howpublished = {Available online: \url{http://www.insp.dz/index.php/Non-categorise/registre-des-tumeurs-d-alger.html}},
  note = {Accessed: 2021-01-17},
}

@article{siegel2019cancer,
  title={Cancer statistics, 2019},
  author={Siegel, Rebecca L and Miller, Kimberly D and Jemal, Ahmedin},
  journal={CA: a cancer journal for clinicians},
  volume={69},
  number={1},
  pages={7--34},
  year={2019},
  publisher={Wiley Online Library}
}

@article{hitu2020microrna,
  title={MicroRNA in Papillary Thyroid Carcinoma: A Systematic Review from 2018 to June 2020},
  author={Hitu, Liviu and Gabora, Katalin and Bonci, Eduard-Alexandru and Piciu, Andra and Hitu, Adriana-Cezara and Ștefan, Paul-Andrei and Piciu, Doina},
  journal={Cancers},
  volume={12},
  number={11},
  pages={3118},
  year={2020},
  publisher={Multidisciplinary Digital Publishing Institute}
}

@article{castellana2020can,
  title={Can ultrasound systems for risk stratification of thyroid nodules identify follicular carcinoma?},
  author={Castellana, Marco and Piccardo, Arnoldo and Virili, Camilla and Scappaticcio, Lorenzo and Grani, Giorgio and Durante, Cosimo and Giovanella, Luca and Trimboli, Pierpaolo},
  journal={Cancer cytopathology},
  volume={128},
  number={4},
  pages={250--259},
  year={2020},
  publisher={Wiley Online Library}
}

@article{ferrari2020novel,
  title={Novel treatments for anaplastic thyroid carcinoma},
  author={Ferrari, Silvia Martina and Elia, Giusy and Ragusa, Francesca and Ruffilli, Ilaria and La Motta, Concettina and Paparo, Sabrina Rosaria and Patrizio, Armando and Vita, Roberto and Benvenga, Salvatore and Materazzi, Gabriele and others},
  journal={Gland surgery},
  volume={9},
  number={Suppl 1},
  pages={S28},
  year={2020},
  publisher={AME Publications}
}

@article{giovanella2020eanm,
  title={EANM practice guideline for PET/CT imaging in medullary thyroid carcinoma},
  author={Giovanella, Luca and Treglia, Giorgio and Iakovou, Ioannis and Mihailovic, Jasna and Verburg, Frederik A and Luster, Markus},
  journal={European journal of nuclear medicine and molecular imaging},
  volume={47},
  number={1},
  pages={61--77},
  year={2020},
  publisher={Springer}
}

@article{lopes2020thyroid,
  title={Thyroid cancer and thyroid autoimmune disease: a review of molecular aspects and clinical outcomes},
  author={Lopes, Nat{\'a}lia Medeiros Dias and Leins, Hannah Hamada Mendon{\c{c}}a and Armani, Andr{\'e} and Marinello, Poliana Camila and Cecchini, Alessandra Louren{\c{c}}o},
  journal={Pathology-Research and Practice},
  pages={153098},
  year={2020},
  publisher={Elsevier}
}

@article{carling2014thyroid,
  title={Thyroid cancer},
  author={Carling, Tobias and Udelsman, Robert},
  journal={Annual review of medicine},
  volume={65},
  pages={125--137},
  year={2014},
  publisher={Annual Reviews}
}

@article{yang2020comparison,
  title={Comparison of Diagnostic Performance of Five Different Ultrasound TI-RADS Classification Guidelines for Thyroid Nodules},
  author={Yang, Ruoning and Zou, Xiuhe and Zeng, Hao and Zhao, Yunuo and Ma, Xuelei},
  journal={Frontiers in Oncology},
  volume={10},
  year={2020},
  publisher={Frontiers Media SA}
}

@article{kobayashi2018calcifications,
  title={Calcifications in thyroid tumors on ultrasonography: calcification types and relationship with histopathological type},
  author={Kobayashi, Kaoru and Fujimoto, Tomoko and Ota, Hisashi and Hirokawa, Mitsuyoshi and Yabuta, Tomonori and Masuoka, Hiroo and Fukushima, Mitsuhiro and Higashiyama, Takuya and Kihara, Minoru and Ito, Yasuhiro and others},
  journal={Ultrasound international open},
  volume={4},
  number={2},
  pages={E45},
  year={2018},
  publisher={Thieme Medical Publishers}
}

@article{tessler2018thyroid,
  title={Thyroid imaging reporting and data system (TI-RADS): a user’s guide},
  author={Tessler, Franklin N and Middleton, William D and Grant, Edward G},
  journal={Radiology},
  volume={287},
  number={1},
  pages={29--36},
  year={2018},
  publisher={Radiological Society of North America}
}

@article{aouad2008aspects,
  title={Aspects {\'e}pid{\'e}miologiques du cancer diff{\'e}renci{\'e} de la thyro{\"\i}de (m{\'e}dullaire exclu) au Maroc},
  author={Aouad, N Ben Ra{\"\i}s and Ghfir, I and Missoum, F and Rahali, J and Guerrouj, H and Ksyar, R and Fellah, S and Bssis, A and Ech-Cherraq, I},
  journal={M{\'e}decine nucl{\'e}aire},
  volume={32},
  number={11},
  pages={580--584},
  year={2008},
  publisher={Elsevier}
}

@article{salim2009cancer,
  title={Cancer epidemiology and control in the arab world-past, present and future},
  author={Salim, Elsayed I and Moore, Malcolm A and Al-Lawati, Jawad A and Al-Sayyad, Jamal and Bazawir, A and Bener, A and Corbex, M and El-Saghir, N and Habib, OS and Maziak, W and others},
  journal={Asian Pac J Cancer Prev},
  volume={10},
  number={1},
  pages={3--16},
  year={2009}
}

@article{miller2016cancer,
  title={Cancer treatment and survivorship statistics, 2016},
  author={Miller, Kimberly D and Siegel, Rebecca L and Lin, Chun Chieh and Mariotto, Angela B and Kramer, Joan L and Rowland, Julia H and Stein, Kevin D and Alteri, Rick and Jemal, Ahmedin},
  journal={CA: a cancer journal for clinicians},
  volume={66},
  number={4},
  pages={271--289},
  year={2016},
  publisher={Wiley Online Library}
}

@article{tamhane2016thyroid,
  title={Thyroid nodule update on diagnosis and management},
  author={Tamhane, Shrikant and Gharib, Hossein},
  journal={Clinical diabetes and endocrinology},
  volume={2},
  number={1},
  pages={17},
  year={2016},
  publisher={Springer}
}

@article{persichetti2018predictive,
  title={Predictive value of malignancy of thyroid nodule ultrasound classification systems: a prospective study},
  author={Persichetti, Agnese and Di Stasio, Enrico and Guglielmi, Rinaldo and Bizzarri, Giancarlo and Taccogna, Silvia and Misischi, Irene and Graziano, Filomena and Petrucci, Lucilla and Bianchini, Antonio and Papini, Enrico},
  journal={The Journal of Clinical Endocrinology \& Metabolism},
  volume={103},
  number={4},
  pages={1359--1368},
  year={2018},
  publisher={Endocrine Society Washington, DC}
}

@article{bibbins2017screening,
  title={Screening for thyroid cancer: US preventive services task force recommendation statement},
  author={Bibbins-Domingo, Kirsten and Grossman, David C and Curry, Susan J and Barry, Michael J and Davidson, Karina W and Doubeni, Chyke A and Epling, John W and Kemper, Alex R and Krist, Alex H and Kurth, Ann E and others},
  journal={Jama},
  volume={317},
  number={18},
  pages={1882--1887},
  year={2017},
  publisher={American Medical Association}
}

@incollection{bikas2019epidemiology,
  title={Epidemiology of thyroid cancer},
  author={Bikas, Athanasios and Burman, Kenneth D},
  booktitle={The Thyroid and Its Diseases},
  pages={541--547},
  year={2019},
  publisher={Springer}
}

@article{boumansour2014profil,
  title={Profil {\'e}pid{\'e}miologique des cancers thyro{\"\i}diens {\`a} l’Ouest alg{\'e}rien},
  author={Boumansour, N and Beldjilali, H and Agag, F and Tidjani, R and Midoun, N and others},
  journal={Revue d'{\'E}pid{\'e}miologie et de Sant{\'e} Publique},
  volume={62},
  pages={S214},
  year={2014},
  publisher={Elsevier}
}

@phdthesis{bouklikha2014cancer,
  title={Cancer de la thyro{\"\i}de},
  author={BOUKLIKHA, CHOAYB and SEFIANE, DJAMEL},
  year={2014}
}

@article{benouis2017thyroid,
  title={Thyroid Cancer in Western Algeria: Histopathological and Epidemiological Study},
  author={Benouis, A and Bekkouche, Z and Merad, MS and Loudjedi, L and Khelil, H and Berber, NJJoCT and others},
  journal={Journal of Cancer Therapy},
  volume={8},
  number={07},
  pages={672},
  year={2017},
  publisher={Scientific Research Publishing}
}

@article{cherif2010registre,
  title={Registre du cancer de S{\'e}tif (Alg{\'e}rie): incidence, tendance et survie, 1986--2005},
  author={Cherif, M Hamdi and Zaidi, Z and Abdellouche, D and Hamdi, S and Lakhdari, N and Bendjazia, A Djema and Laouamri, S and Mahnane, A and Moussaoui, H and Kadri, L and others},
  journal={Journal africain du cancer/African Journal of Cancer},
  volume={2},
  number={4},
  pages={245--258},
  year={2010},
  publisher={Springer}
}

@inproceedings{lalmi2015cancers,
  title={Les cancers de la thyro{\"\i}de: de l’{\'e}pid{\'e}miologie {\`a} la biologie mol{\'e}culaire},
  author={Lalmi, F and Sadoul, J-L and Rohmer, V},
  booktitle={Annales d'Endocrinologie},
  volume={76},
  number={6},
  pages={S19--S28},
  year={2015},
  organization={Elsevier}
}

@inproceedings{leenhardt2011epidemiologie,
  title={{\'E}pid{\'e}miologie des cancers thyro{\"\i}diens dans le monde},
  author={Leenhardt, L and Grosclaude, P},
  booktitle={Annales d'endocrinologie},
  volume={72},
  number={2},
  pages={136--148},
  year={2011},
  organization={Elsevier}
}

@article{defaux2013etude,
  title={Etude du dosage de la thyroglobuline stimul{\'e}e dans le suivi de patients trait{\'e}s pour un cancer diff{\'e}renci{\'e} de la thyro{\"\i}de au CHU de Nantes: comparaison des valeurs de dosage apr{\`e}s stimulation par TSH endog{\`e}ne ou Thyrogen{\textregistered} et choix de la valeur seuil},
  author={Defaux, Andr{\'e}e-Anne},
  year={2013}
}

@article{ohira2020absorbed,
  title={Absorbed radiation doses in the thyroid as estimated by UNSCEAR and subsequent risk of childhood thyroid cancer following the Great East Japan Earthquake},
  author={Ohira, Tetsuya and Shimura, Hiroki and Hayashi, Fumikazu and Nagao, Masanori and Yasumura, Seiji and Takahashi, Hideto and Suzuki, Satoru and Matsuzuka, Takashi and Suzuki, Satoshi and Iwadate, Manabu and others},
  journal={Journal of Radiation Research},
  volume={61},
  number={2},
  pages={243--248},
  year={2020},
  publisher={Oxford University Press}
}

@article{la2015thyroid,
  title={Thyroid cancer mortality and incidence: a global overview},
  author={La Vecchia, Carlo and Malvezzi, Matteo and Bosetti, Cristina and Garavello, Werner and Bertuccio, Paola and Levi, Fabio and Negri, Eva},
  journal={International journal of cancer},
  volume={136},
  number={9},
  pages={2187--2195},
  year={2015},
  publisher={Wiley Online Library}
}

@article{rahbari2010thyroid,
  title={Thyroid cancer gender disparity},
  author={Rahbari, Reza and Zhang, Lisa and Kebebew, Electron},
  journal={Future Oncology},
  volume={6},
  number={11},
  pages={1771--1779},
  year={2010},
  publisher={Future Medicine}
}

@article{schlumberger2015lenvatinib,
  title={Lenvatinib versus placebo in radioiodine-refractory thyroid cancer},
  author={Schlumberger, Martin and Tahara, Makoto and Wirth, Lori J and Robinson, Bruce and Brose, Marcia S and Elisei, Rossella and Habra, Mouhammed Amir and Newbold, Kate and Shah, Manisha H and Hoff, Ana O and others},
  journal={New England Journal of Medicine},
  volume={372},
  number={7},
  pages={621--630},
  year={2015},
  publisher={Mass Medical Soc}
}

@article{singh2016diagnostic,
  title={Diagnostic accuracy of thyroid nodule growth to predict malignancy in thyroid nodules with benign cytology: systematic review and meta-analysis},
  author={Singh Ospina, Naykky and Maraka, Spyridoula and Espinosa DeYcaza, Ana and O'Keeffe, Derek and Brito, Juan P and Gionfriddo, Michael R and Castro, M Regina and Morris, John C and Erwin, Patricia and Montori, Victor M},
  journal={Clinical endocrinology},
  volume={85},
  number={1},
  pages={122--131},
  year={2016},
  publisher={Wiley Online Library}
}

@article{kumar2020automated,
  title={Automated segmentation of thyroid nodule, gland, and cystic components from ultrasound images using deep learning},
  author={Kumar, Viksit and Webb, Jeremy and Gregory, Adriana and Meixner, Duane D and Knudsen, John M and Callstrom, Matthew and Fatemi, Mostafa and Alizad, Azra},
  journal={IEEE Access},
  volume={8},
  pages={63482--63496},
  year={2020},
  publisher={IEEE}
}

@article{ma2017ultrasound,
  title={Ultrasound image-based thyroid nodule automatic segmentation using convolutional neural networks},
  author={Ma, Jinlian and Wu, Fa and Jiang, Tian’an and Zhao, Qiyu and Kong, Dexing},
  journal={International journal of computer assisted radiology and surgery},
  volume={12},
  number={11},
  pages={1895--1910},
  year={2017},
  publisher={Springer}
}

@article{wettasinghe2019diagnostic,
  title={Diagnostic accuracy of ultrasound characteristics in the identification of malignant thyroid nodules},
  author={Wettasinghe, Mihiri Chami and Rosairo, Shanthini and Ratnatunga, Neelakanthi and Wickramasinghe, Nuwan Darshana},
  journal={BMC research notes},
  volume={12},
  number={1},
  pages={193},
  year={2019},
  publisher={Springer}
}

@article{nayak2020impact,
  title={Impact of imaging cross-section on visualization of thyroid microvessels using ultrasound: Pilot study},
  author={Nayak, Rohit and Nawar, Noshin and Webb, Jeremy and Fatemi, Mostafa and Alizad, Azra},
  journal={Scientific reports},
  volume={10},
  number={1},
  pages={1--9},
  year={2020},
  publisher={Nature Publishing Group}
}

@article{song2018fine,
  title={Fine-needle aspiration biopsy of thyroid nodules: Determining when it is necessary},
  author={Song, Jin Soo A and Hart, Robert D},
  journal={Canadian Family Physician},
  volume={64},
  number={2},
  pages={127},
  year={2018},
  publisher={College of Family Physicians of Canada}
}

@article{hahn2020comparison,
  title={comparison Between fine needle Aspiration and core needle Biopsy for the Diagnosis of thyroid Nodules: Effective Indications According to US Findings},
  author={Hahn, Soo Yeon and Shin, Jung Hee and Oh, Young Lyun and Park, Ko Woon and Lim, Yaeji},
  journal={Scientific reports},
  volume={10},
  number={1},
  pages={1--7},
  year={2020},
  publisher={Nature Publishing Group}
}

@article{durante2018diagnosis,
  title={The diagnosis and management of thyroid nodules: a review},
  author={Durante, Cosimo and Grani, Giorgio and Lamartina, Livia and Filetti, Sebastiano and Mandel, Susan J and Cooper, David S},
  journal={Jama},
  volume={319},
  number={9},
  pages={914--924},
  year={2018},
  publisher={American Medical Association}
}

@article{ullah2019ensemble,
  title={An ensemble classification of exudates in color fundus images using an evolutionary algorithm based optimal features selection},
  author={Ullah, Hidayat and Saba, Tanzila and Islam, Naveed and Abbas, Naveed and Rehman, Amjad and Mehmood, Zahid and Anjum, Adeel},
  journal={Microscopy research and technique},
  volume={82},
  number={4},
  pages={361--372},
  year={2019},
  publisher={Wiley Online Library}
}

@article{saba2018fundus,
  title={Fundus image classification methods for the detection of glaucoma: A review},
  author={Saba, Tanzila and Bokhari, Syedia Tahseen Fatima and Sharif, Muhammad and Yasmin, Mussarat and Raza, Mudassar},
  journal={Microscopy research and technique},
  volume={81},
  number={10},
  pages={1105--1121},
  year={2018},
  publisher={Wiley Online Library}
}

@article{mughal2018removal,
  title={Removal of pectoral muscle based on topographic map and shape-shifting silhouette},
  author={Mughal, Bushra and Muhammad, Nazeer and Sharif, Muhammad and Rehman, Amjad and Saba, Tanzila},
  journal={BMC cancer},
  volume={18},
  number={1},
  pages={1--14},
  year={2018},
  publisher={BioMed Central}
}

@article{mughal2018novel,
  title={A novel classification scheme to decline the mortality rate among women due to breast tumor},
  author={Mughal, Bushra and Sharif, Muhammad and Muhammad, Nazeer and Saba, Tanzila},
  journal={Microscopy research and technique},
  volume={81},
  number={2},
  pages={171--180},
  year={2018},
  publisher={Wiley Online Library}
}

@article{abbas2019automated,
  title={An automated nuclei segmentation of leukocytes from microscopic digital images.},
  author={Abbas, Naveed and Saba, Tanzila and Mehmood, Zahid and Rehman, Amjad and Islam, Naveed and Ahmed, Khawaja Tehseen},
  journal={Pakistan journal of pharmaceutical sciences},
  volume={32},
  number={5},
  year={2019}
}

@article{abbas2019plasmodium,
  title={Plasmodium species aware based quantification of malaria parasitemia in light microscopy thin blood smear},
  author={Abbas, Naveed and Saba, Tanzila and Rehman, Amjad and Mehmood, Zahid and Javaid, Nadeem and Tahir, Muhammad and Khan, Naseer Ullah and Ahmed, Khawaja Tehseen and Shah, Roaider},
  journal={Microscopy research and technique},
  volume={82},
  number={7},
  pages={1198--1214},
  year={2019},
  publisher={Wiley Online Library}
}

@article{qin2019diagnosis,
  title={Diagnosis of benign and malignant thyroid nodules using combined conventional ultrasound and ultrasound elasticity imaging},
  author={Qin, Pinle and Wu, Kuan and Hu, Yishan and Zeng, Jianchao and Chai, Xiangfei},
  journal={IEEE journal of biomedical and health informatics},
  volume={24},
  number={4},
  pages={1028--1036},
  year={2019},
  publisher={IEEE}
}

@article{wu2016classifier,
  title={Classifier model based on machine learning algorithms: application to differential diagnosis of suspicious thyroid nodules via sonography},
  author={Wu, Hongxun and Deng, Zhaohong and Zhang, Bingjie and Liu, Qianyun and Chen, Junyong},
  journal={American Journal of Roentgenology},
  volume={207},
  number={4},
  pages={859--864},
  year={2016},
  publisher={Am Roentgen Ray Soc}
}

@article{zhang2019machine,
  title={Machine learning--assisted system for thyroid nodule diagnosis},
  author={Zhang, Bin and Tian, Jie and Pei, Shufang and Chen, Yubing and He, Xin and Dong, Yuhao and Zhang, Lu and Mo, Xiaokai and Huang, Wenhui and Cong, Shuzhen and others},
  journal={Thyroid},
  volume={29},
  number={6},
  pages={858--867},
  year={2019},
  publisher={Mary Ann Liebert, Inc., publishers 140 Huguenot Street, 3rd Floor New~…}
}

@article{abbad2021effective,
  title={Effective K-Nearest Neighbor Algorithms Performance Analysis of Thyroid Disease},
  author={Abbad Ur Rehman, Hafiz and Lin, Chyi-Yeu and Mushtaq, Zohaib},
  journal={Journal of the Chinese Institute of Engineers},
  volume={44},
  number={1},
  pages={77--87},
  year={2021},
  publisher={Taylor \& Francis}
}

@article{yang2019creating,
  title={Creating prognostic systems for well-differentiated thyroid cancer using machine learning},
  author={Yang, Charles Q and Gardiner, Lauren and Wang, Huan and Hueman, Matthew T and Chen, Dechang},
  journal={Frontiers in endocrinology},
  volume={10},
  pages={288},
  year={2019},
  publisher={Frontiers}
}

@article{taylor2019high,
  title={High-resolution Raman microscopic detection of follicular thyroid cancer cells with unsupervised machine learning},
  author={Taylor, J Nicholas and Mochizuki, Kentaro and Hashimoto, Kosuke and Kumamoto, Yasuaki and Harada, Yoshinori and Fujita, Katsumasa and Komatsuzaki, Tamiki},
  journal={The Journal of Physical Chemistry B},
  volume={123},
  number={20},
  pages={4358--4372},
  year={2019},
  publisher={ACS Publications}
}

@article{chandio2020decision,
  title={Decision Support System for Classification Medullary Thyroid Cancer},
  author={Chandio, Jamil Ahmed and Mallah, Ghulam Ali and Shaikh, Noor Ahmed},
  journal={IEEE Access},
  volume={8},
  pages={145216--145226},
  year={2020},
  publisher={IEEE}
}

@article{liu2020recent,
  title={Recent Advances of Image Steganography with Generative Adversarial Networks},
  author={Liu, Jia and Ke, Yan and Zhang, Zhuo and Lei, Yu and Li, Jun and Zhang, Minqing and Yang, Xiaoyuan},
  journal={IEEE Access},
  volume={8},
  pages={60575--60597},
  year={2020},
  publisher={IEEE}
}

@article{liu2018setsvm,
  title={SetSVM: an approach to set classification in nuclei-based cancer detection},
  author={Liu, Chi and Huang, Yue and Ozolek, John A and Hanna, Matthew G and Singh, Rajendra and Rohde, Gustavo K},
  journal={IEEE Journal of Biomedical and Health Informatics},
  volume={23},
  number={1},
  pages={351--361},
  year={2018},
  publisher={IEEE}
}

@inproceedings{zhang2019integrating,
  title={Integrating Clinical Knowledge in a Thyroid Nodule Classification Model Based on},
  author={Zhang, Shijie and Du, Huarui and Jin, Zhuang and Zhu, Yaqiong and Zhang, Ying and Xie, Fang and Zhang, Mingbo and Jiao, Ziyu and Tian, Xiaoqi and Zhang, Jiabin and others},
  booktitle={2019 IEEE International Ultrasonics Symposium (IUS)},
  pages={2334--2336},
  year={2019},
  organization={IEEE}
}

@inproceedings{zhang2019diagnosis,
  title={Diagnosis of Thyroid Nodules in Ultrasound Images Using Two Combined Classification Modules},
  author={Zhang, Heng and Zhao, Chongke and Guo, Lehang and Li, Xiaolong and Luo, Ye and Lu, Janwei and Xu, Huixiong},
  booktitle={2019 12th International Congress on Image and Signal Processing, BioMedical Engineering and Informatics (CISP-BMEI)},
  pages={1--5},
  year={2019},
  organization={IEEE}
}

@inproceedings{chen2018thyroid,
  title={Thyroid Nodule Classification Using Two Levels Attention-Based Bi-Directional LSTM with Ultrasound Reports},
  author={Chen, Dehua and Zhang, Junhao and Li, Weimin},
  booktitle={2018 9th International Conference on Information Technology in Medicine and Education (ITME)},
  pages={309--312},
  year={2018},
  organization={IEEE}
}

@article{chen2020review,
  title={A review of thyroid gland segmentation and thyroid nodule segmentation methods for medical ultrasound images},
  author={Chen, Junying and You, Haijun and Li, Kai},
  journal={Computer Methods and Programs in Biomedicine},
  volume={185},
  pages={105329},
  year={2020},
  publisher={Elsevier}
}

@article{jajroudi2014prediction,
  title={Prediction of survival in thyroid cancer using data mining technique},
  author={Jajroudi, M and Baniasadi, T and Kamkar, L and Arbabi, F and Sanei, M and Ahmadzade, M},
  journal={Technology in cancer research \& treatment},
  volume={13},
  number={4},
  pages={353--359},
  year={2014},
  publisher={SAGE Publications Sage CA: Los Angeles, CA}
}

@article{narayan2023enhance,
  title={Enhance-Net: An Approach to Boost the Performance of Deep Learning Model Based on Real-Time Medical Images},
  author={Narayan, Vipul and Mall, Pawan Kumar and Alkhayyat, Ahmed and Abhishek, Kumar and Kumar, Sanjay and Pandey, Prakash and others},
  journal={Journal of Sensors},
  volume={2023},
  year={2023},
  publisher={Hindawi}
}

@article{calisto2022modeling,
  title={Modeling adoption of intelligent agents in medical imaging},
  author={Calisto, Francisco Maria and Nunes, Nuno and Nascimento, Jacinto C},
  journal={International Journal of Human-Computer Studies},
  volume={168},
  pages={102922},
  year={2022},
  publisher={Elsevier}
}

@article{himeur2023federated,
  title={Federated Learning for Computer Vision},
  author={Himeur, Yassine and Varlamis, Iraklis and Kheddar, Hamza and Amira, Abbes and Atalla, Shadi and Singh, Yashbir and Bensaali, Faycal and Mansoor, Wathiq},
  journal={arXiv preprint arXiv:2308.13558},
  year={2023}
}

@inproceedings{sajeev2020thyroid,
  title={Thyroid Cancer Prediction Using Gene Expression Profile, Pharmacogenomic Variants And Quantum Image Processing In Deep Learning Platform-A Theranostic Approach},
  author={Sajeev, Vaishnavi and Vyshnavi, AM Hima and Namboori, PK Krishnan},
  booktitle={2020 International Conference for Emerging Technology (INCET)},
  pages={1--5},
  year={2020},
  organization={IEEE}
}

@article{guan2019deep,
  title={Deep learning based classification of ultrasound images for thyroid nodules: a large scale of pilot study},
  author={Guan, Qing and Wang, Yunjun and Du, Jiajun and Qin, Yu and Lu, Hongtao and Xiang, Jun and Wang, Fen},
  journal={Annals of Translational Medicine},
  volume={7},
  number={7},
  year={2019},
  publisher={AME Publications}
}

@inproceedings{ferreira2018autoencoders,
  title={Autoencoders as weight initialization of deep classification networks applied to papillary thyroid carcinoma},
  author={Ferreira, Mafalda Falcao and Camacho, Rui and Teixeira, Lu{\'\i}s Filipe},
  booktitle={2018 IEEE International Conference on Bioinformatics and Biomedicine (BIBM)},
  pages={629--632},
  year={2018},
  organization={IEEE}
}

@inproceedings{teixeira2017learning,
  title={Learning influential genes on cancer gene expression data with stacked denoising autoencoders},
  author={Teixeira, V{\'\i}tor and Camacho, Rui and Ferreira, Pedro G},
  booktitle={2017 IEEE International Conference on Bioinformatics and Biomedicine (BIBM)},
  pages={1201--1205},
  year={2017},
  organization={IEEE}
}

@article{liu2019automated,
  title={Automated detection and classification of thyroid nodules in ultrasound images using clinical-knowledge-guided convolutional neural networks},
  author={Liu, Tianjiao and Guo, Qianqian and Lian, Chunfeng and Ren, Xuhua and Liang, Shujun and Yu, Jing and Niu, Lijuan and Sun, Weidong and Shen, Dinggang},
  journal={Medical image analysis},
  volume={58},
  pages={101555},
  year={2019},
  publisher={Elsevier}
}

@article{ma2019thyroid,
  title={Thyroid diagnosis from SPECT images using convolutional neural network with optimization},
  author={Ma, Liyong and Ma, Chengkuan and Liu, Yuejun and Wang, Xuguang},
  journal={Computational intelligence and neuroscience},
  volume={2019},
  year={2019},
  publisher={Hindawi}
}

@inproceedings{xie2019thyroid,
  title={Thyroid Nodule Detection in Ultrasound Images with Convolutional Neural Networks},
  author={Xie, Shuaining and Yu, Jing and Liu, Tianjiao and Chang, Qing and Niu, Lijuan and Sun, Weidong},
  booktitle={2019 14th IEEE Conference on Industrial Electronics and Applications (ICIEA)},
  pages={1442--1446},
  year={2019},
  organization={IEEE}
}

@article{liang2020convolutional,
  title={Convolutional Neural Network for Breast and Thyroid Nodules Diagnosis in Ultrasound Imaging},
  author={Liang, Xiaowen and Yu, Jinsui and Liao, Jianyi and Chen, Zhiyi},
  journal={BioMed Research International},
  volume={2020},
  year={2020},
  publisher={Hindawi}
}

@inproceedings{chen2017thyroid,
  title={Thyroid Nodule Classification Using Hierarchical Recurrent Neural Network with Multiple Ultrasound Reports},
  author={Chen, Dehua and Shi, Cheng and Wang, Mei and Pan, Qiao},
  booktitle={International Conference on Neural Information Processing},
  pages={765--773},
  year={2017},
  organization={Springer}
}

@incollection{kose2021hybrid,
  title={A Hybrid Medical Diagnosis Approach with Swarm Intelligence Supported Autoencoder Based Recurrent Neural Network System},
  author={Kose, Utku and Deperlioglu, Omer and Alzubi, Jafar and Patrut, Bogdan},
  booktitle={Deep Learning for Medical Decision Support Systems},
  pages={107--127},
  year={2021},
  publisher={Springer}
}

@article{vairalephysical,
  title={Physical Fitness Recommender Framework for Thyroid Patients using Restricted Boltzmann Machines},
  author={Vairale, Vaishali S and Shukla, Samiksha}
}

@inproceedings{yang2019dscgans,
  title={DScGANS: Integrate domain knowledge in training dual-path semi-supervised conditional generative adversarial networks and s3vm for ultrasonography thyroid nodules classification},
  author={Yang, Wenkai and Zhao, Juanjuan and Qiang, Yan and Yang, Xiaotang and Dong, Yunyun and Du, Qianqian and Shi, Guohua and Zia, Muhammad Bilal},
  booktitle={International Conference on Medical Image Computing and Computer-Assisted Intervention},
  pages={558--566},
  year={2019},
  organization={Springer}
}

@article{yoo2020generative,
  title={A generative adversarial network approach to predicting postoperative appearance after orbital decompression surgery for thyroid eye disease},
  author={Yoo, Tae Keun and Choi, Joon Yul and Kim, Hong Kyu},
  journal={Computers in Biology and Medicine},
  volume={118},
  pages={103628},
  year={2020},
  publisher={Elsevier}
}

@article{li2012computer,
  title={A computer aided diagnosis system for thyroid disease using extreme learning machine},
  author={Li, Li-Na and Ouyang, Ji-Hong and Chen, Hui-Ling and Liu, Da-You},
  journal={Journal of medical systems},
  volume={36},
  number={5},
  pages={3327--3337},
  year={2012},
  publisher={Springer}
}

@inproceedings{ma2018efficient,
  title={An efficient diagnosis system for Thyroid disease based on enhanced Kernelized Extreme Learning Machine Approach},
  author={Ma, Chao and Guan, Jian and Zhao, Wenyong and Wang, Chaolun},
  booktitle={International Conference on Cognitive Computing},
  pages={86--101},
  year={2018},
  organization={Springer}
}

@article{xia2017ultrasound,
  title={Ultrasound-based differentiation of malignant and benign thyroid Nodules: An extreme learning machine approach},
  author={Xia, Jianfu and Chen, Huiling and Li, Qiang and Zhou, Minda and Chen, Limin and Cai, Zhennao and Fang, Yang and Zhou, Hong},
  journal={Computer methods and programs in biomedicine},
  volume={147},
  pages={37--49},
  year={2017},
  publisher={Elsevier}
}

@inproceedings{rao2019thyroid,
  title={Thyroid Diagnosis Using Multilayer Perceptron},
  author={Rao, B Nageshwar and Reddy, D Laxmi Srinivasa and Bhaskar, G},
  booktitle={International Conference on E-Business and Telecommunications},
  pages={452--459},
  year={2019},
  organization={Springer}
}

@article{hosseinzadeh2020multiple,
  title={A multiple multilayer perceptron neural network with an adaptive learning algorithm for thyroid disease diagnosis in the internet of medical things},
  author={Hosseinzadeh, Mehdi and Ahmed, Omed Hassan and Ghafour, Marwan Yassin and Safara, Fatemeh and Ali, Saqib and Vo, Bay and Chiang, Hsiu-Sen and others},
  journal={The Journal of Supercomputing},
  pages={1--22},
  year={2020},
  publisher={Springer}
}

@inproceedings{isa2010suitable,
  title={Suitable MLP network activation functions for breast cancer and thyroid disease detection},
  author={Isa, IS and Saad, Z and Omar, S and Osman, MK and Ahmad, KA and Sakim, HA Mat},
  booktitle={2010 Second International Conference on Computational Intelligence, Modelling and Simulation},
  pages={39--44},
  year={2010},
  organization={IEEE}
}

@article{mourad2020machine,
  title={Machine Learning and feature Selection Applied to SeeR Data to Reliably Assess thyroid cancer prognosis},
  author={Mourad, Moustafa and Moubayed, Sami and Dezube, Aaron and Mourad, Youssef and Park, Kyle and Torreblanca-Zanca, Albertina and Torrecilla, Jos{\'e} S and Cancilla, John C and Wang, Jiwu},
  journal={Scientific Reports},
  volume={10},
  number={1},
  pages={1--11},
  year={2020},
  publisher={Nature Publishing Group}
}

@article{erol2008radial,
  title={A radial basis function neural network (RBFNN) approach for structural classification of thyroid diseases},
  author={Erol, R{\i}zvan and O{\u{g}}ulata, Seyfettin Noyan and {\c{S}}ahin, Cenk and Alparslan, Z Nazan},
  journal={Journal of medical systems},
  volume={32},
  number={3},
  pages={215--220},
  year={2008},
  publisher={Springer}
}

@article{chandel2016comparative,
  title={A comparative study on thyroid disease detection using K-nearest neighbor and Naive Bayes classification techniques},
  author={Chandel, Khushboo and Kunwar, Veenita and Sabitha, Sai and Choudhury, Tanupriya and Mukherjee, Saurabh},
  journal={CSI transactions on ICT},
  volume={4},
  number={2-4},
  pages={313--319},
  year={2016},
  publisher={Springer}
}

@article{liu2012design,
  title={Design of an enhanced fuzzy k-nearest neighbor classifier based computer aided diagnostic system for thyroid disease},
  author={Liu, Da-You and Chen, Hui-Ling and Yang, Bo and Lv, Xin-En and Li, Li-Na and Liu, Jie},
  journal={Journal of medical systems},
  volume={36},
  number={5},
  pages={3243--3254},
  year={2012},
  publisher={Springer}
}

@article{geetha2016empirical,
  title={An empirical model for thyroid disease classification using evolutionary multivariate Bayseian prediction method},
  author={Geetha, K and Baboo, S Santhosh},
  journal={Global Journal of Computer Science and Technology},
  year={2016}
}

@inproceedings{ma2010differential,
  title={Differential diagnosis of thyroid nodules with ultrasound elastography based on support vector machines},
  author={Ma, Jieming and Luo, Si and Dighe, Manjiri and Lim, Dong-Jun and Kim, Yongmin},
  booktitle={2010 IEEE International Ultrasonics Symposium},
  pages={1372--1375},
  year={2010},
  organization={IEEE}
}

@article{chang2010application,
  title={Application of support-vector-machine-based method for feature selection and classification of thyroid nodules in ultrasound images},
  author={Chang, Chuan-Yu and Chen, Shao-Jer and Tsai, Ming-Fong},
  journal={Pattern recognition},
  volume={43},
  number={10},
  pages={3494--3506},
  year={2010},
  publisher={Elsevier}
}

@article{dogantekin2011expert,
  title={An expert system based on Generalized Discriminant Analysis and Wavelet Support Vector Machine for diagnosis of thyroid diseases},
  author={Dogantekin, Esin and Dogantekin, Akif and Avci, Derya},
  journal={Expert Systems with Applications},
  volume={38},
  number={1},
  pages={146--150},
  year={2011},
  publisher={Elsevier}
}

@article{yadav2020prediction,
  title={Prediction of thyroid disease using decision tree ensemble method},
  author={Yadav, Dhyan Chandra and Pal, Saurabh},
  journal={Human-Intelligent Systems Integration},
  volume={2},
  number={1},
  pages={89--95},
  year={2020},
  publisher={Springer}
}

@inproceedings{hao2018prognosis,
  title={Prognosis of thyroid disease using MS-apriori improved decision tree},
  author={Hao, Yuwei and Zuo, Wanli and Shi, Zhenkun and Yue, Lin and Xue, Shuai and He, Fengling},
  booktitle={International Conference on Knowledge Science, Engineering and Management},
  pages={452--460},
  year={2018},
  organization={Springer}
}

@article{dharmarajan2020thyroid,
  title={Thyroid Disease Classification Using Decision Tree and SVM},
  author={Dharmarajan, K and Balasree, K and Arunachalam, AS and Abirmai, K},
  journal={Executive editor},
  volume={11},
  number={03},
  pages={3234},
  year={2020}
}

@article{yadav2019decision,
  title={Decision tree ensemble techniques to predict thyroid disease},
  author={Yadav, Dhyan Chandra and Pal, Saurabh},
  journal={Int. J. Recent Technol. Eng.},
  volume={8},
  number={3},
  pages={8242--8246},
  year={2019}
}

@article{zhao2015logistic,
  title={Logistic regression analysis of contrast-enhanced ultrasound and conventional ultrasound characteristics of sub-centimeter thyroid nodules},
  author={Zhao, Rui-Na and Zhang, Bo and Yang, Xiao and Jiang, Yu-Xin and Lai, Xing-Jian and Zhang, Xiao-Yan},
  journal={Ultrasound in medicine \& biology},
  volume={41},
  number={12},
  pages={3102--3108},
  year={2015},
  publisher={Elsevier}
}

@article{yazdani2018factors,
  title={Factors Affecting Thyroid Cancer in Patients with Thyroid Nodules Using Logistic Regression in Interval Censored Data},
  author={Yazdani-Charati, Jamshid and Akha, Ozra and Khosravi, Farideh},
  journal={International Journal of Cancer Management},
  volume={11},
  number={3},
  year={2018},
  publisher={Kowsar}
}

@article{liu2011bayesian,
  title={A bayesian network for differentiating benign from malignant thyroid nodules using sonographic and demographic features},
  author={Liu, Yueyi I and Kamaya, Aya and Desser, Terry S and Rubin, Daniel L},
  journal={American Journal of Roentgenology},
  volume={196},
  number={5},
  pages={W598--W605},
  year={2011},
  publisher={Am Roentgen Ray Soc}
}

@article{liu2009controlled,
  title={A controlled vocabulary to represent sonographic features of the thyroid and its application in a Bayesian network to predict thyroid nodule malignancy},
  author={Liu, Yueyi I and Kamaya, Aya and Desser, Terry S and Rubin, Daniel L},
  journal={Summit on Translational Bioinformatics},
  volume={2009},
  pages={68},
  year={2009},
  publisher={American Medical Informatics Association}
}

@inproceedings{ashraf2012hybrid,
  title={Hybrid approach for diagnosing thyroid, hepatitis, and breast cancer based on correlation based feature selection and Na{\"\i}ve bayes},
  author={Ashraf, Mohammad and Chetty, Girija and Tran, Dat and Sharma, Dharmendra},
  booktitle={International Conference on Neural Information Processing},
  pages={272--280},
  year={2012},
  organization={Springer}
}

@article{al2019gene,
  title={Gene Microarray Cancer Classification using Correlation Based Feature Selection Algorithm and Rules Classifiers.},
  author={Al-Batah, Mohammad and Zaqaibeh, Belal and Alomari, Saleh Ali and Alzboon, Mowafaq Salem},
  journal={International Journal of Online \& Biomedical Engineering},
  volume={15},
  number={8},
  year={2019}
}

@article{jain2018correlation,
  title={Correlation feature selection based improved-binary particle swarm optimization for gene selection and cancer classification},
  author={Jain, Indu and Jain, Vinod Kumar and Jain, Renu},
  journal={Applied Soft Computing},
  volume={62},
  pages={203--215},
  year={2018},
  publisher={Elsevier}
}

@inproceedings{rustam2018correlated,
  title={Correlated based SVM-RFE as feature selection for cancer classification using microarray databases},
  author={Rustam, Zuherman and Maghfirah, N},
  booktitle={AIP Conference Proceedings},
  volume={2023},
  number={1},
  pages={020235},
  year={2018},
  organization={AIP Publishing LLC}
}

@inproceedings{mahurkar2017normalization,
  title={Normalization using Improvised K-Means applied in diagnosing thyroid disease with ANN},
  author={Mahurkar, Kunal K and Gaikwad, DP},
  booktitle={2017 International Conference on Trends in Electronics and Informatics (ICEI)},
  pages={579--583},
  year={2017},
  organization={IEEE}
}

@article{yang2019information,
  title={An Information Entropy-based Method to Detect microRNA Regulatory Module},
  author={Yang, Yi and Song, Yan and Cao, Buwen},
  journal={IPSJ Transactions on Bioinformatics},
  volume={12},
  pages={1--8},
  year={2019},
  publisher={Information Processing Society of Japan}
}

@incollection{shankarlal2020performance,
  title={Performance Analysis of Thyroid Tumor Detection and Segmentation Using PCA-Based Random Classification Method},
  author={Shankarlal, B and Sathya, PD},
  booktitle={Innovations in Electrical and Electronics Engineering},
  pages={833--841},
  year={2020},
  publisher={Springer}
}

@article{o2019raman,
  title={Raman spectroscopy for the preoperative diagnosis of thyroid cancer and its subtypes: An in vitro proof-of-concept study},
  author={O'Dea, Declan and Bongiovanni, Massimo and Sykiotis, Gerasimos P and Ziros, Panos G and Meade, Aidan D and Lyng, Fiona M and Malkin, Alison},
  journal={Cytopathology},
  volume={30},
  number={1},
  pages={51--60},
  year={2019},
  publisher={Wiley Online Library}
}

@article{selaru2004unsupervised,
  title={An unsupervised approach to identify molecular phenotypic components influencing breast cancer features},
  author={Selaru, Florin M and Yin, Jing and Olaru, Andreea and Mori, Yuriko and Xu, Yan and Epstein, Steven H and Sato, Fumiaki and Deacu, Elena and Wang, Suna and Sterian, Anca and others},
  journal={Cancer research},
  volume={64},
  number={5},
  pages={1584--1588},
  year={2004},
  publisher={AACR}
}

@article{soulaymani2018epidemiological,
  title={Epidemiological Study of Thyroid Carcinoma Using Principal Component Analysis},
  author={Soulaymani, A and Aschawa, H},
  journal={Journal of Clinical Epigenetics},
  volume={4},
  number={1},
  pages={9},
  year={2018}
}

@article{awujoola975effective,
  title={Effective and Accurate Bootstrap Aggregating (Bagging) Ensemble Algorithm Model for Prediction and Classification of Hypothyroid Disease},
  author={Awujoola Olalekan, J and Ogwueleka, Francisca and Odion, PO},
  journal={International Journal of Computer Applications},
  volume={975},
  pages={8887}
}

@article{chen2020diagnosis,
  title={Diagnosis of thyroid nodules for ultrasonographic characteristics indicative of malignancy using random forest},
  author={Chen, Dan and Hu, Jun and Zhu, Mei and Tang, Niansheng and Yang, Yang and Feng, Yuran},
  journal={BioData mining},
  volume={13},
  number={1},
  pages={1--21},
  year={2020},
  publisher={Springer}
}

@inproceedings{pan2016improved,
  title={Improved ensemble classification method of thyroid disease based on random forest},
  author={Pan, Qiao and Zhang, Yuanyuan and Zuo, Min and Xiang, Lan and Chen, Dehua},
  booktitle={2016 8th International Conference on Information Technology in Medicine and Education (ITME)},
  pages={567--571},
  year={2016},
  organization={IEEE}
}

@inproceedings{chen2016xgboost,
  title={Xgboost: A scalable tree boosting system},
  author={Chen, Tianqi and Guestrin, Carlos},
  booktitle={Proceedings of the 22nd acm sigkdd international conference on knowledge discovery and data mining},
  pages={785--794},
  year={2016}
}

@article{lim2019xgboost,
  title={Xgboost application on bridge management systems for proactive damage estimation},
  author={Lim, Soram and Chi, Seokho},
  journal={Advanced Engineering Informatics},
  volume={41},
  pages={100922},
  year={2019},
  publisher={Elsevier}
}

@article{ji2019xg,
  title={XG-SF: An XGBoost classifier based on shapelet features for time series classification},
  author={Ji, Cun and Zou, Xiunan and Hu, Yupeng and Liu, Shijun and Lyu, Lei and Zheng, Xiangwei},
  journal={Procedia computer science},
  volume={147},
  pages={24--28},
  year={2019},
  publisher={Elsevier}
}

@article{guo2019xgboost,
  title={An XGBoost-based physical fitness evaluation model using advanced feature selection and Bayesian hyper-parameter optimization for wearable running monitoring},
  author={Guo, Junqi and Yang, Lan and Bie, Rongfang and Yu, Jiguo and Gao, Yuan and Shen, Yan and Kos, Anton},
  journal={Computer Networks},
  volume={151},
  pages={166--180},
  year={2019},
  publisher={Elsevier}
}

@article{xu2019extreme,
  title={Extreme gradient boosting model has a better performance in predicting the risk of 90-day readmissions in patients with ischaemic stroke},
  author={Xu, Yuan and Yang, Xinlei and Huang, Hui and Peng, Chen and Ge, Yanqiu and Wu, Honghu and Wang, Jiajing and Xiong, Gang and Yi, Yingping},
  journal={Journal of Stroke and Cerebrovascular Diseases},
  volume={28},
  number={12},
  pages={104441},
  year={2019},
  publisher={Elsevier}
}

@article{chen2020computer,
  title={Computer aided diagnosis of thyroid nodules based on the devised small-datasets multi-view ensemble learning},
  author={Chen, Yifei and Li, Dandan and Zhang, Xin and Jin, Jing and Shen, Yi},
  journal={Medical Image Analysis},
  volume={67},
  pages={101819},
  year={2020},
  publisher={Elsevier}
}

@article{teumer2018genome,
  title={Genome-wide analyses identify a role for SLC17A4 and AADAT in thyroid hormone regulation},
  author={Teumer, Alexander and Chaker, Layal and Groeneweg, Stefan and Li, Yong and Di Munno, Celia and Barbieri, Caterina and Schultheiss, Ulla T and Traglia, Michela and Ahluwalia, Tarunveer S and Akiyama, Masato and others},
  journal={Nature communications},
  volume={9},
  number={1},
  pages={1--14},
  year={2018},
  publisher={Nature Publishing Group}
}

@article{gao2017hybrid,
  title={Hybrid method based on information gain and support vector machine for gene selection in cancer classification},
  author={Gao, Lingyun and Ye, Mingquan and Lu, Xiaojie and Huang, Daobin},
  journal={Genomics, proteomics \& bioinformatics},
  volume={15},
  number={6},
  pages={389--395},
  year={2017},
  publisher={Elsevier}
}

@article{fahrudin2017data,
  title={Data mining approach for breast cancer patient recovery},
  author={Fahrudin, Tresna Maulana and Syarif, Iwan and Barakbah, Ali Ridho},
  journal={EMITTER International Journal of Engineering Technology},
  volume={5},
  number={1},
  pages={36--71},
  year={2017}
}

@article{hamsagayathri2017performance,
  title={Performance analysis of breast cancer classification using decision tree classifiers},
  author={Hamsagayathri, P and Sampath, P},
  journal={Int J Curr Pharm Res},
  volume={9},
  number={2},
  pages={19--25},
  year={2017}
}

@inproceedings{chinnaswamy2017hybrid,
  title={Hybrid information gain based fuzzy roughset feature selection in cancer microarray data},
  author={Chinnaswamy, Arunkumar and Srinivasan, Ramakrishnan},
  booktitle={2017 Innovations in Power and Advanced Computing Technologies (i-PACT)},
  pages={1--6},
  year={2017},
  organization={IEEE}
}

@article{mishra2020performance,
  title={Performance Evaluation of a Proposed Machine Learning Model for Chronic Disease Datasets Using an Integrated Attribute Evaluator and an Improved Decision Tree Classifier},
  author={Mishra, Sushruta and Mallick, Pradeep Kumar and Tripathy, Hrudaya Kumar and Bhoi, Akash Kumar and Gonz{\'a}lez-Briones, Alfonso},
  journal={Applied Sciences},
  volume={10},
  number={22},
  pages={8137},
  year={2020},
  publisher={Multidisciplinary Digital Publishing Institute}
}

@article{ashraf2013feature,
  title={Feature selection techniques on thyroid, hepatitis, and breast cancer datasets},
  author={Ashraf, Mohammad and Chetty, Girija and Tran, Dat},
  journal={International Journal on Data Mining and Intelligent Information Technology Applications},
  volume={3},
  number={1},
  pages={1},
  year={2013},
  publisher={Advanced Institutes of Convergence Information Technology}
}

@article{onan2015fuzzy,
  title={A fuzzy-rough nearest neighbor classifier combined with consistency-based subset evaluation and instance selection for automated diagnosis of breast cancer},
  author={Onan, Aytu{\u{g}}},
  journal={Expert Systems with Applications},
  volume={42},
  number={20},
  pages={6844--6852},
  year={2015},
  publisher={Elsevier}
}

@article{sudarshan2016application,
  title={Application of wavelet techniques for cancer diagnosis using ultrasound images: a review},
  author={Sudarshan, Vidya K and Mookiah, Muthu Rama Krishnan and Acharya, U Rajendra and Chandran, Vinod and Molinari, Filippo and Fujita, Hamido and Ng, Kwan Hoong},
  journal={Computers in biology and medicine},
  volume={69},
  pages={97--111},
  year={2016},
  publisher={Elsevier}
}

@article{nguyen2019artificial,
  title={Artificial intelligence-based thyroid nodule classification using information from spatial and frequency domains},
  author={Nguyen, Dat Tien and Pham, Tuyen Danh and Batchuluun, Ganbayar and Yoon, Hyo Sik and Park, Kang Ryoung},
  journal={Journal of clinical medicine},
  volume={8},
  number={11},
  pages={1976},
  year={2019},
  publisher={Multidisciplinary Digital Publishing Institute}
}

@inproceedings{poudel2017active,
  title={Active contours extension and similarity indicators for improved 3D segmentation of thyroid ultrasound images},
  author={Poudel, P and Illanes, A and Arens, C and Hansen, C and Friebe, M},
  booktitle={Medical Imaging 2017: Imaging Informatics for Healthcare, Research, and Applications},
  volume={10138},
  pages={1013803},
  year={2017},
  organization={International Society for Optics and Photonics}
}

@article{poudel20163d,
  title={3D segmentation of thyroid ultrasound images using active contours},
  author={Poudel, Prabal and Hansen, Christian and Sprung, Julian and Friebe, Michael},
  journal={Current Directions in Biomedical Engineering},
  volume={2},
  number={1},
  pages={467--470},
  year={2016},
  publisher={De Gruyter}
}

@inproceedings{nugroho2015thyroid,
  title={Thyroid nodule segmentation using active contour bilateral filtering on ultrasound images},
  author={Nugroho, Hanung Adi and Nugroho, Anan and Choridah, Lina},
  booktitle={2015 International Conference on Quality in Research (QiR)},
  pages={43--46},
  year={2015},
  organization={IEEE}
}

@article{wildman2019using,
  title={Using artificial intelligence to revise ACR TI-RADS risk stratification of thyroid nodules: diagnostic accuracy and utility},
  author={Wildman-Tobriner, Benjamin and Buda, Mateusz and Hoang, Jenny K and Middleton, William D and Thayer, David and Short, Ryan G and Tessler, Franklin N and Mazurowski, Maciej A},
  journal={Radiology},
  volume={292},
  number={1},
  pages={112--119},
  year={2019},
  publisher={Radiological Society of North America}
}

@inproceedings{balaprakash2019scalable,
  title={Scalable reinforcement-learning-based neural architecture search for cancer deep learning research},
  author={Balaprakash, Prasanna and Egele, Romain and Salim, Misha and Wild, Stefan and Vishwanath, Venkatram and Xia, Fangfang and Brettin, Tom and Stevens, Rick},
  booktitle={Proceedings of the International Conference for High Performance Computing, Networking, Storage and Analysis},
  pages={1--33},
  year={2019}
}

@article{li2020deep,
  title={Deep reinforcement learning for weakly-supervised lymph node segmentation in ct images},
  author={Li, Zhe and Xia, Yong},
  journal={IEEE Journal of Biomedical and Health Informatics},
  year={2020},
  publisher={IEEE}
}

@inproceedings{liu2017classification,
  title={Classification of thyroid nodules in ultrasound images using deep model based transfer learning and hybrid features},
  author={Liu, Tianjiao and Xie, Shuaining and Yu, Jing and Niu, Lijuan and Sun, Weidong},
  booktitle={2017 IEEE International Conference on Acoustics, Speech and Signal Processing (ICASSP)},
  pages={919--923},
  year={2017},
  organization={IEEE}
}

@article{yu2020lymph,
  title={Lymph node metastasis prediction of papillary thyroid carcinoma based on transfer learning radiomics},
  author={Yu, Jinhua and Deng, Yinhui and Liu, Tongtong and Zhou, Jin and Jia, Xiaohong and Xiao, Tianlei and Zhou, Shichong and Li, Jiawei and Guo, Yi and Wang, Yuanyuan and others},
  journal={Nature communications},
  volume={11},
  number={1},
  pages={1--10},
  year={2020},
  publisher={Nature Publishing Group}
}

@article{wang2019using,
  title={Using deep convolutional neural networks for multi-classification of thyroid tumor by histopathology: a large-scale pilot study},
  author={Wang, Yunjun and Guan, Qing and Lao, Iweng and Wang, Li and Wu, Yi and Li, Duanshu and Ji, Qinghai and Wang, Yu and Zhu, Yongxue and Lu, Hongtao and others},
  journal={Annals of Translational Medicine},
  volume={7},
  number={18},
  year={2019},
  publisher={AME Publications}
}

@article{zhou2020online,
  title={Online Transfer Learning for Differential Diagnosis of Benign and Malignant Thyroid Nodules with Ultrasound Images},
  author={Zhou, Hui and Wang, Kun and Tian, Jie},
  journal={IEEE Transactions on Biomedical Engineering},
  year={2020},
  publisher={IEEE}
}


@article{sundar2018exploring,
  title={Exploring Transfer Learning, Fine-tuning of Thyroid Ultrasound Images},
  author={Sundar, KV Sai and Sai, S Siva Sankara},
  year={2018}
}

@article{dov2019thyroid,
  title={Thyroid cancer malignancy prediction from whole slide cytopathology images},
  author={Dov, David and Kovalsky, Shahar and Cohen, Jonathan and Range, Danielle and Henao, Ricardo and Carin, Lawrence},
  journal={arXiv preprint arXiv:1904.00839},
  year={2019}
}

@article{song2019ultrasound,
  title={Ultrasound image analysis using deep learning algorithm for the diagnosis of thyroid nodules},
  author={Song, Junho and Chai, Young Jun and Masuoka, Hiroo and Park, Sun-Won and Kim, Su-jin and Choi, June Young and Kong, Hyoun-Joong and Lee, Kyu Eun and Lee, Joongseek and Kwak, Nojun and others},
  journal={Medicine},
  volume={98},
  number={15},
  year={2019},
  publisher={Wolters Kluwer Health}
}

@inproceedings{yu2020deep,
  title={Deep Attentive Panoptic Model for Prostate Cancer Detection Using Biparametric MRI Scans},
  author={Yu, Xin and Lou, Bin and Zhang, Donghao and Winkel, David and Arrahmane, Nacim and Diallo, Mamadou and Meng, Tongbai and von Busch, Heinrich and Grimm, Robert and Kiefer, Berthold and others},
  booktitle={International Conference on Medical Image Computing and Computer-Assisted Intervention},
  pages={594--604},
  year={2020},
  organization={Springer}
}

@inproceedings{liu2019nuclei,
  title={Nuclei Segmentation via a Deep Panoptic Model with Semantic Feature Fusion.},
  author={Liu, Dongnan and Zhang, Donghao and Song, Yang and Zhang, Chaoyi and Zhang, Fan and O'Donnell, Lauren and Cai, Weidong},
  booktitle={IJCAI},
  pages={861--868},
  year={2019}
}

@article{cai2020panoptic,
  title={Panoptic Segmentation-Based Attention for Image Captioning},
  author={Cai, Wenjie and Xiong, Zheng and Sun, Xianfang and Rosin, Paul L and Jin, Longcun and Peng, Xinyi},
  journal={Applied Sciences},
  volume={10},
  number={1},
  pages={391},
  year={2020},
  publisher={Multidisciplinary Digital Publishing Institute}
}

@inproceedings{kirillov2019panoptic,
  title={Panoptic segmentation},
  author={Kirillov, Alexander and He, Kaiming and Girshick, Ross and Rother, Carsten and Doll{\'a}r, Piotr},
  booktitle={Proceedings of the IEEE/CVF Conference on Computer Vision and Pattern Recognition},
  pages={9404--9413},
  year={2019}
}

@article{webb2020automatic,
  title={Automatic Deep Learning Semantic Segmentation of Ultrasound Thyroid Cineclips using Recurrent Fully Convolutional Networks},
  author={Webb, Jeremy M and Meixner, Duane D and Adusei, Shaheeda A and Polley, Eric C and Fatemi, Mostafa and Alizad, Azra},
  journal={IEEE Access},
  year={2020},
  publisher={IEEE}
}

@inproceedings{li2018automatic,
  title={Automatic segmentation of esophageal cancer pathological sections based on semantic segmentation},
  author={Li, Sizhe and Zhang, Jiawei and Jin, Yuzhen and Zheng, Liping and Xu, Jilan and Yu, Guanzhen and Zhang, Yanchun},
  booktitle={2018 International Conference on Orange Technologies (ICOT)},
  pages={1--5},
  year={2018},
  organization={IEEE}
}

@inproceedings{turan2019semantic,
  title={Semantic nuclei segmentation with deep learning on breast pathology images},
  author={Turan, Sevcan and Bilgin, Gokhan},
  booktitle={2019 Scientific Meeting on Electrical-Electronics \& Biomedical Engineering and Computer Science (EBBT)},
  pages={1--4},
  year={2019},
  organization={IEEE}
}

@inproceedings{tran2018blood,
  title={Blood cell images segmentation using deep learning semantic segmentation},
  author={Tran, Thanh and Kwon, Oh-Heum and Kwon, Ki-Ryong and Lee, Suk-Hwan and Kang, Kyung-Won},
  booktitle={2018 IEEE International Conference on Electronics and Communication Engineering (ICECE)},
  pages={13--16},
  year={2018},
  organization={IEEE}
}

@inproceedings{ivanova2018artificial,
  title={Artificial Intelligence in Internet of Medical Imaging Things: The Power of Thyroid Cancer Detection},
  author={Ivanova, Desislava},
  booktitle={2018 International Conference on Information Technologies (InfoTech)},
  pages={1--4},
  year={2018},
  organization={IEEE}
}

@article{borovska2018internet,
  title={Internet of Medical Imaging Things and Analytics in Support of Precision Medicine for the Case Study of Thyroid Cancer Early Diagnostics},
  author={Borovska, Plamenka and Ivanova, Desislava and Draganov, Ivo},
  journal={Serdica Journal of Computing, Bulgarian Academy of Sciences, Institute of Mathematics and Informatics, accepted paper},
  year={2018}
}


@article{lyshchik2004accuracy,
  title={Accuracy of three-dimensional ultrasound for thyroid volume measurement in children and adolescents},
  author={Lyshchik, Andrej and Drozd, Valentina and Reiners, Christoph},
  journal={Thyroid},
  volume={14},
  number={2},
  pages={113--120},
  year={2004},
  publisher={Mary Ann Liebert, Inc.}
}

@article{ying2008two,
  title={Two-dimensional ultrasound measurement of thyroid gland volume: a new equation with higher correlation with 3-D ultrasound measurement},
  author={Ying, Michael and Yung, Dennis MC and Ho, Karen KL},
  journal={Ultrasound in medicine \& biology},
  volume={34},
  number={1},
  pages={56--63},
  year={2008},
  publisher={Elsevier}
}

@article{li2015comparison,
  title={Comparison between thin-slice 3-D volumetric ultrasound and conventional ultrasound in the differentiation of benign and malignant thyroid lesions},
  author={Li, Wen-Bo and Zhang, Bo and Zhu, Qing-Li and Jiang, Yu-Xin and Sun, Jian and Yang, Meng and Li, Jian-Chu},
  journal={Ultrasound in medicine \& biology},
  volume={41},
  number={12},
  pages={3096--3101},
  year={2015},
  publisher={Elsevier}
}

@misc{ThyroidOmics-2020,
  title = {{ThyroidOmics}},
  howpublished = {Available online: \url{ https://transfer.sysepi.medizin.uni-greifswald.de/thyroidomics/  }},
  note = {Accessed: 2020-01-15},
}

@misc{TDDS-2020,
  title = {{TDDS}},
  howpublished = {Available online: \url{ https://archive.ics.uci.edu/ml/datasets/thyroid+disease  }},
  note = {Accessed: 2020-01-20},
}

@misc{KEEL-2020,
  title = {{KEEL}},
  howpublished = {Available online: \url{ https://sci2s.ugr.es/keel/dataset.php?cod=67}},
  note = {Accessed: 2020-03-04},
}

@misc{TNM8-2020,
  title = {{TNM8}},
  howpublished = {Available online: \url{ https://www.cancercenter.com/cancer-types/thyroid-cancer/types}},
  note = {Accessed: 2020-07-22},
}

@misc{GEO-2020,
  title = {{GEO}},
  howpublished = {Available online: \url{ https://www.ncbi.nlm.nih.gov/geo/}},
  note = {Accessed: 2020-10-03},
}

@misc{SEER-2020,
  title = {{SEER}},
  howpublished = {Available online: \url{ https://seer.cancer.gov/}},
  note = {Accessed: 2020-10-10},
}

@misc{DDTI-2020,
  title = {{DDTI}},
  howpublished = {Available online: \url{ http://cimalab.intec.co/?lang=en&mod=project&id=31}},
  note = {Accessed: 2020-11-17},
}

@misc{TCGA-2021,
  title = {{TCGA}},
  howpublished = {Available online: \url{https://www.cancer.gov/about-nci/organization/ccg/research/structural-genomics/tcga}},
  note = {Accessed: 2021-01-09},
}

@misc{NCDR-2021,
  title = {{NCDR}},
  howpublished = {Available online: \url{http://www.ncin.org.uk/collecting_and_using_data/national_cancer_data_repository/}},
  note = {Accessed: 2021-01-15},
}

@misc{PLCO-2021,
  title = {{PLCO}},
  howpublished = {Available online: \url{https://pubmed.ncbi.nlm.nih.gov/11189683/}},
  note = {Accessed: 2021-01-16},
}

@inproceedings{kuo2019color,
  title={Color Image Quality Assessment Based on VIF},
  author={Kuo, Tien-Ying and Wei, Yu-Jen and Wan, Kuan-Hung},
  booktitle={2019 3rd International Conference on Imaging, Signal Processing and Communication (ICISPC)},
  pages={96--100},
  year={2019},
  organization={IEEE}
}

@article{sara2019image,
  title={Image quality assessment through FSIM, SSIM, MSE and PSNR—a comparative study},
  author={Sara, Umme and Akter, Morium and Uddin, Mohammad Shorif},
  journal={Journal of Computer and Communications},
  volume={7},
  number={3},
  pages={8--18},
  year={2019},
  publisher={Scientific Research Publishing}
}

@article{ma2021structural,
  title={The structural similarity index for IMRT quality assurance: radiomics-based error classification},
  author={Ma, Chaoqiong and Wang, Ruoxi and Zhou, Shun and Wang, Meijiao and Yue, Haizhen and Zhang, Yibao and Wu, Hao},
  journal={Medical Physics},
  volume={48},
  number={1},
  pages={80--93},
  year={2021},
  publisher={Wiley Online Library}
}

@article{wu2019fast,
  title={Fast, accurate normalized cross-correlation image matching},
  author={Wu, Peng and Li, Wei and Song, Wenlong},
  journal={Journal of Intelligent \& Fuzzy Systems},
  volume={37},
  number={4},
  pages={4431--4436},
  year={2019},
  publisher={IOS Press}
}

@article{li2010content,
  title={Content-partitioned structural similarity index for image quality assessment},
  author={Li, Chaofeng and Bovik, Alan C},
  journal={Signal Processing: Image Communication},
  volume={25},
  number={7},
  pages={517--526},
  year={2010},
  publisher={Elsevier}
}

@inproceedings{erfurt2019study,
  title={A study of the perceptually weighted peak signal-to-noise ratio (WPSNR) for image compression},
  author={Erfurt, Johannes and Helmrich, Christian R and Bosse, Sebastian and Schwarz, Heiko and Marpe, Detlev and Wiegand, Thomas},
  booktitle={2019 IEEE International Conference on Image Processing (ICIP)},
  pages={2339--2343},
  year={2019},
  organization={IEEE}
}

@article{chandler2007vsnr,
  title={VSNR: A wavelet-based visual signal-to-noise ratio for natural images},
  author={Chandler, Damon M and Hemami, Sheila S},
  journal={IEEE transactions on image processing},
  volume={16},
  number={9},
  pages={2284--2298},
  year={2007},
  publisher={IEEE}
}

@article{zhou2020weighted,
  title={Weighted signal-to-noise ratio robust design for a new double sampling npx chart},
  author={Zhou, Wenhui and Wang, Zixuan and Xie, Wei},
  journal={Computers \& Industrial Engineering},
  volume={139},
  pages={106124},
  year={2020},
  publisher={Elsevier}
}

@inproceedings{lasseck2018audio,
  title={Audio-based Bird Species Identification with Deep Convolutional Neural Networks.},
  author={Lasseck, Mario},
  booktitle={CLEF (Working Notes)},
  year={2018}
}

@article{agarwal2018counterfactual,
  title={Counterfactual learning-to-rank for additive metrics and deep models},
  author={Agarwal, Aman and Zaitsev, Ivan and Joachims, Thorsten},
  journal={arXiv preprint arXiv:1805.00065},
  pages={11--12},
  year={2018}
}

@article{jee2019expression,
  title={Expression of SLC5A5 in circulating tumor cells may distinguish follicular thyroid carcinomas from adenomas: Implications for blood-based preoperative diagnosis},
  author={Jee, Hyeon-Gun and Kim, Byoung and Kim, Minjun and Yu, Hyeong Won and Choi, June Young and Kim, Su-jin and Lee, Kyu Eun},
  journal={Journal of clinical medicine},
  volume={8},
  number={2},
  pages={257},
  year={2019},
  publisher={Multidisciplinary Digital Publishing Institute}
}

@article{dolezal2020deep,
  title={Deep learning prediction of BRAF-RAS gene expression signature identifies noninvasive follicular thyroid neoplasms with papillary-like nuclear features},
  author={Dolezal, James M and Trzcinska, Anna and Liao, Chih-Yi and Kochanny, Sara and Blair, Elizabeth and Agrawal, Nishant and Keutgen, Xavier M and Angelos, Peter and Cipriani, Nicole A and Pearson, Alexander T},
  journal={Modern Pathology},
  pages={1--13},
  year={2020},
  publisher={Nature Publishing Group}
}

@article{daniels2020machine,
  title={Machine learning by ultrasonography for genetic risk stratification of thyroid nodules},
  author={Daniels, Kelly and Gummadi, Sriharsha and Zhu, Ziyin and Wang, Shuo and Patel, Jena and Swendseid, Brian and Lyshchik, Andrej and Curry, Joseph and Cottrill, Elizabeth and Eisenbrey, John},
  journal={JAMA Otolaryngology--Head \& Neck Surgery},
  volume={146},
  number={1},
  pages={36--41},
  year={2020},
  publisher={American Medical Association}
}

@article{thomas2020aibx,
  title={AIBx, artificial intelligence model to risk stratify thyroid nodules},
  author={Thomas, Johnson and Haertling, Tracy},
  journal={Thyroid},
  volume={30},
  number={6},
  pages={878--884},
  year={2020},
  publisher={Mary Ann Liebert, Inc., publishers 140 Huguenot Street, 3rd Floor New~…}
}

@article{dovai,
  title={AI-Assisted Thyroid Malignancy Prediction From Whole-Slide Images},
  author={Dov, David and Kovalsky, Shahar Z and Cohen, Jonathan and Range, Danielle Elliott and Henao, Ricardo and Carin, Lawrence}
}

@article{halicek2019head,
  title={Head and neck cancer detection in digitized whole-slide histology using convolutional neural networks},
  author={Halicek, Martin and Shahedi, Maysam and Little, James V and Chen, Amy Y and Myers, Larry L and Sumer, Baran D and Fei, Baowei},
  journal={Scientific reports},
  volume={9},
  number={1},
  pages={1--11},
  year={2019},
  publisher={Nature Publishing Group}
}

@article{kezlarian2020artificial,
  title={Artificial Intelligence in Thyroid Fine Needle Aspiration Biopsies},
  author={Kezlarian, Brie and Lin, Oscar},
  journal={Acta Cytologica},
  pages={1--6},
  year={2020},
  publisher={Karger Publishers}
}

@article{sanyal2018artificial,
  title={Artificial intelligence in cytopathology: a neural network to identify papillary carcinoma on thyroid fine-needle aspiration cytology smears},
  author={Sanyal, Parikshit and Mukherjee, Tanushri and Barui, Sanghita and Das, Avinash and Gangopadhyay, Prabaha},
  journal={Journal of pathology informatics},
  volume={9},
  year={2018},
  publisher={Wolters Kluwer--Medknow Publications}
}

@article{savala2018artificial,
  title={Artificial neural network model to distinguish follicular adenoma from follicular carcinoma on fine needle aspiration of thyroid},
  author={Savala, Rajiv and Dey, Pranab and Gupta, Nalini},
  journal={Diagnostic cytopathology},
  volume={46},
  number={3},
  pages={244--249},
  year={2018},
  publisher={Wiley Online Library}
}

@article{li2021artificial,
  title={Artificial Intelligence for Personalized Medicine in Thyroid Cancer: Current Status and Future Perspectives},
  author={Li, Ling-Rui and Du, Bo and Liu, Han-Qing and Chen, Chuang},
  journal={Frontiers in Oncology},
  volume={10},
  pages={3360},
  year={2021},
  publisher={Frontiers}
}

@article{tessler2017acr,
  title={ACR thyroid imaging, reporting and data system (TI-RADS): white paper of the ACR TI-RADS committee},
  author={Tessler, Franklin N and Middleton, William D and Grant, Edward G and Hoang, Jenny K and Berland, Lincoln L and Teefey, Sharlene A and Cronan, John J and Beland, Michael D and Desser, Terry S and Frates, Mary C and others},
  journal={Journal of the American college of radiology},
  volume={14},
  number={5},
  pages={587--595},
  year={2017},
  publisher={Elsevier}
}

@article{nguyen2020ultrasound,
  title={Ultrasound image-based diagnosis of malignant thyroid nodule using artificial intelligence},
  author={Nguyen, Dat Tien and Kang, Jin Kyu and Pham, Tuyen Danh and Batchuluun, Ganbayar and Park, Kang Ryoung},
  journal={Sensors},
  volume={20},
  number={7},
  pages={1822},
  year={2020},
  publisher={Multidisciplinary Digital Publishing Institute}
}

@article{abdolali2020automated,
  title={Automated thyroid nodule detection from ultrasound imaging using deep convolutional neural networks},
  author={Abdolali, Fatemeh and Kapur, Jeevesh and Jaremko, Jacob L and Noga, Michelle and Hareendranathan, Abhilash R and Punithakumar, Kumaradevan},
  journal={Computers in Biology and Medicine},
  volume={122},
  pages={103871},
  year={2020},
  publisher={Elsevier}
}

@inproceedings{li2018fully,
  title={Fully convolutional networks for ultrasound image segmentation of thyroid nodules},
  author={Li, Xuewei and Wang, Shuaijie and Wei, Xi and Zhu, Jialin and Yu, Ruiguo and Zhao, Mankun and Yu, Mei and Liu, Zhiqiang and Liu, Shupei},
  booktitle={2018 IEEE 20th International Conference on High Performance Computing and Communications; IEEE 16th International Conference on Smart City; IEEE 4th International Conference on Data Science and Systems (HPCC/SmartCity/DSS)},
  pages={886--890},
  year={2018},
  organization={IEEE}
}

@article{wang2020automatic,
  title={Automatic diagnosis for thyroid nodules in ultrasound images by deep neural networks},
  author={Wang, Lituan and Zhang, Lei and Zhu, Minjuan and Qi, Xiaofeng and Yi, Zhang},
  journal={Medical image analysis},
  volume={61},
  pages={101665},
  year={2020},
  publisher={Elsevier}
}

@article{chai2020artificial,
  title={Artificial Intelligence for thyroid nodule ultrasound image analysis},
  author={Chai, Y and Song, Junho and Shear, M},
  journal={Annals of Thyroid},
  volume={5},
  year={2020}
}

@article{wang2010detection,
  title={Detection and classification of thyroid follicular lesions based on nuclear structure from histopathology images},
  author={Wang, Wei and Ozolek, John A and Rohde, Gustavo K},
  journal={Cytometry Part A: The Journal of the International Society for Advancement of Cytometry},
  volume={77},
  number={5},
  pages={485--494},
  year={2010},
  publisher={Wiley Online Library}
}

@article{ozolek2014accurate,
  title={Accurate diagnosis of thyroid follicular lesions from nuclear morphology using supervised learning},
  author={Ozolek, John A and Tosun, Akif Burak and Wang, Wei and Chen, Cheng and Kolouri, Soheil and Basu, Saurav and Huang, Hu and Rohde, Gustavo K},
  journal={Medical image analysis},
  volume={18},
  number={5},
  pages={772--780},
  year={2014},
  publisher={Elsevier}
}

@article{zhao2019assessment,
  title={Assessment of risk based on variant pathways and establishment of an artificial neural network model of thyroid cancer},
  author={Zhao, Yinlong and Zhao, Lingzhi and Mao, Tiezhu and Zhong, Lili},
  journal={BMC medical genetics},
  volume={20},
  number={1},
  pages={1--10},
  year={2019},
  publisher={BioMed Central}
}

@inproceedings{kim2016deep,
  title={A deep semantic mobile application for thyroid cytopathology},
  author={Kim, Edward and Corte-Real, Miguel and Baloch, Zubair},
  booktitle={Medical Imaging 2016: PACS and Imaging Informatics: Next Generation and Innovations},
  volume={9789},
  pages={97890A},
  year={2016},
  organization={International Society for Optics and Photonics}
}

@article{fragopoulos2020radial,
  title={Radial Basis Function Artificial Neural Network for the Investigation of Thyroid Cytological Lesions},
  author={Fragopoulos, Christos and Pouliakis, Abraham and Meristoudis, Christos and Mastorakis, Emmanouil and Margari, Niki and Chroniaris, Nicolaos and Koufopoulos, Nektarios and Delides, Alexander G and Machairas, Nicolaos and Ntomi, Vasileia and others},
  journal={Journal of Thyroid Research},
  volume={2020},
  year={2020},
  publisher={Hindawi}
}

@article{zhou2019artificial,
  title={Artificial intelligence in surgery},
  author={Zhou, Xiao-Yun and Guo, Yao and Shen, Mali and Yang, Guang-Zhong},
  journal={arXiv preprint arXiv:2001.00627},
  year={2019}
}

@article{zhou2020application,
  title={Application of artificial intelligence in surgery},
  author={Zhou, Xiao-Yun and Guo, Yao and Shen, Mali and Yang, Guang-Zhong},
  journal={Frontiers of Medicine},
  pages={1--14},
  year={2020},
  publisher={Springer}
}

@incollection{berikol2020artificial,
  title={Artificial intelligence in neuro, head, and neck surgery},
  author={Berikol, G{\"o}ksu Bozdereli and Berikol, G{\"u}rkan and Bozdereli, Durhasan},
  booktitle={Artificial Intelligence in Precision Health},
  pages={393--404},
  year={2020},
  publisher={Elsevier}
}

@article{tan2020part,
  title={Part 1: Artificial intelligence technology in surgery},
  author={Tan, Lorwai and Tivey, David and Kopunic, Helena and Babidge, Wendy and Langley, Sally and Maddern, Guy},
  journal={ANZ Journal of Surgery},
  volume={90},
  number={12},
  pages={2409--2414},
  year={2020},
  publisher={Wiley Online Library}
}

@misc{habal2020brave,
  title={Brave New Surgical Innovations: The Impact of Bioprinting, Machine Learning, and Artificial Intelligence in Craniofacial Surgery},
  author={Habal, Mutaz B},
  year={2020},
  publisher={LWW}
}

@article{lee2020evaluation,
  title={Evaluation of Surgical Skills during Robotic Surgery by Deep Learning-Based Multiple Surgical Instrument Tracking in Training and Actual Operations},
  author={Lee, Dongheon and Yu, Hyeong Won and Kwon, Hyungju and Kong, Hyoun-Joong and Lee, Kyu Eun and Kim, Hee Chan},
  journal={Journal of clinical medicine},
  volume={9},
  number={6},
  pages={1964},
  year={2020},
  publisher={Multidisciplinary Digital Publishing Institute}
}

@article{voglis2020feasibility,
  title={Feasibility of machine learning based predictive modelling of postoperative hyponatremia after pituitary surgery},
  author={Voglis, Stefanos and van Niftrik, Christiaan HB and Staartjes, Victor E and Brandi, Giovanna and Tschopp, Oliver and Regli, Luca and Serra, Carlo},
  journal={Pituitary},
  volume={23},
  pages={543--551},
  year={2020},
  publisher={Springer}
}

@article{navarrete2020current,
  title={Current applications of artificial intelligence for intraoperative decision support in surgery},
  author={Navarrete-Welton, Allison J and Hashimoto, Daniel A},
  journal={Frontiers of Medicine},
  pages={1--13},
  year={2020},
  publisher={Springer}
}
%%%%%%%%%%%%%%%%%%%%%%%%%%%%%%%%%%%%%%%%%%%%%%%%%%%%%%%%%%%%%%%%%%%%%%%%%%%%
@article{barczynski2020clinical,
  title={Clinical validation of S-DetectTM mode in semi-automated ultrasound classification of thyroid lesions in surgical office},
  author={Barczy{\'n}ski, Marcin and Stopa-Barczy{\'n}ska, Ma{\l}gorzata and Wojtczak, Beata and Czarniecka, Agnieszka and Konturek, Aleksander},
  journal={Gland surgery},
  volume={9},
  number={Suppl 2},
  pages={S77},
  year={2020},
  publisher={AME Publications}
}

@article{ivanova2017internet,
  title={Internet of Medical Imaging Things and the Application of Information Technologies for Early Detection of Thyroid Cancer},
  author={Ivanova, Desislava},
  journal={Silico Intellect},
  volume={1},
  pages={20--25},
  year={2017}
}

@inproceedings{charteros2020edge,
  title={Edge Computing for Having an Edge on Cancer Treatment: A Mobile App for Breast Image Analysis},
  author={Charteros, Eleftherios and Koutsopoulos, Iordanis},
  booktitle={2020 IEEE International Conference on Communications Workshops (ICC Workshops)},
  pages={1--6},
  year={2020},
  organization={IEEE}
}

@article{sufian2020survey,
  title={A survey on deep transfer learning to edge computing for mitigating the COVID-19 pandemic},
  author={Sufian, Abu and Ghosh, Anirudha and Sadiq, Ali Safaa and Smarandache, Florentin},
  journal={Journal of Systems Architecture},
  volume={108},
  pages={101830},
  year={2020},
  publisher={Elsevier}
}

@article{lamy2019explainable,
  title={Explainable artificial intelligence for breast cancer: A visual case-based reasoning approach},
  author={Lamy, Jean-Baptiste and Sekar, Boomadevi and Guezennec, Gilles and Bouaud, Jacques and S{\'e}roussi, Brigitte},
  journal={Artificial intelligence in medicine},
  volume={94},
  pages={42--53},
  year={2019},
  publisher={Elsevier}
}

@incollection{kobylinska2019explainable,
  title={Explainable machine learning for modeling of early postoperative mortality in lung cancer},
  author={Kobyli{\'n}ska, Katarzyna and Miko{\l}ajczyk, Tomasz and Adamek, Mariusz and Or{\l}owski, Tadeusz and Biecek, Przemys{\l}aw},
  booktitle={Artificial Intelligence in Medicine: Knowledge Representation and Transparent and Explainable Systems},
  pages={161--174},
  year={2019},
  publisher={Springer}
}

@article{pintelas2020explainable,
  title={Explainable Machine Learning Framework for Image Classification Problems: Case Study on Glioma Cancer Prediction},
  author={Pintelas, Emmanuel and Liaskos, Meletis and Livieris, Ioannis E and Kotsiantis, Sotiris and Pintelas, Panagiotis},
  journal={Journal of Imaging},
  volume={6},
  number={6},
  pages={37},
  year={2020},
  publisher={Multidisciplinary Digital Publishing Institute}
}

@inproceedings{lamy2020intelligence,
  title={Intelligence artificielle explicable pour le cancer du sein: Une approche visuelle de raisonnement {\`a} partir de cas.},
  author={Lamy, Jean-Baptiste and Sekar, Booma Devi and Guezennec, Gilles and Bouaud, Jacques and S{\'e}roussi, Brigitte},
  booktitle={EGC},
  pages={457--466},
  year={2020}
}

@article{poceviciute2020survey,
  title={Survey of XAI in Digital Pathology},
  author={Poceviciute, Milda and Eilertsen, Gabriel and Lundstr{\"o}m, Claes},
  journal={Artificial Intelligence and Machine Learning for Digital Pathology: State-of-the-Art and Future Challenges},
  volume={12090},
  pages={56},
  year={2020},
  publisher={Springer Nature}
}

@misc{d1,
  title = {{The ThyroidOmics Consortium}},
  howpublished = {Available online: \url{https://transfer.sysepi.medizin.uni-greifswald.de/thyroidomics/}},
  note = {Accessed: 2021-03-01},
}

@misc{d2,
  title = {{Thyroid Disease Data Set}},
  howpublished = {Available online: \url{https://archive.ics.uci.edu/ml/datasets/thyroid+disease}},
  note = {Accessed: 2021-03-01},
}

@misc{d3,
  title = {{Knowledge Extraction based on Evolutionary Learning}},
  howpublished = {Available online: \url{https://sci2s.ugr.es/keel/dataset.php?cod=67}},
  note = {Accessed: 2021-03-01},
}

@misc{d4,
  title = {{Gene Expression Omnibus}},
  howpublished = {Available online: \url{https://www.ncbi.nlm.nih.gov/geo/}},
  note = {Accessed: 2021-03-01},
}

@misc{d5,
  title = {{The digital database of Thyroid Ultrasound Images}},
  howpublished = {Available online: \url{http://cimalab.intec.co/?lang=en&mod=project&id=31}},
  note = {Accessed: 2021-03-01},
}

@misc{d6,
  title = {{The National Cancer Registration and Analysis Service}},
  howpublished = {Available online: \url{http://www.ncin.org.uk/about_ncin/}},
  note = {Accessed: 2021-03-01},
}

@misc{d7,
  title = {{The Prostate, Lung, Colorectal and Ovarian (PLCO) Cancer Screening Trial }},
  howpublished = {Available online: \url{https://prevention.cancer.gov/major-programs/prostate-lung-colorectal-and-ovarian-cancer-screening-trial}},
  note = {Accessed: 2021-03-01},
}

@article{li2020classification,
  title={Classification of Thyroid Nodules with Stacked Denoising Sparse Autoencoder},
  author={Li, Zexin and Yang, Kaiji and Zhang, Lili and Wei, Chiju and Yang, Peixuan and Xu, Wencan},
  journal={International Journal of Endocrinology},
  volume={2020},
  year={2020},
  publisher={Hindawi}
}

@article{ko2019deep,
  title={Deep convolutional neural network for the diagnosis of thyroid nodules on ultrasound},
  author={Ko, Su Yeon and Lee, Ji Hye and Yoon, Jung Hyun and Na, Hyesun and Hong, Eunhye and Han, Kyunghwa and Jung, Inkyung and Kim, Eun-Kyung and Moon, Hee Jung and Park, Vivian Y and others},
  journal={Head \& neck},
  volume={41},
  number={4},
  pages={885--891},
  year={2019},
  publisher={Wiley Online Library}
}

@article{lee2019automatic,
  title={Automatic disease annotation from radiology reports using artificial intelligence implemented by a recurrent neural network},
  author={Lee, Changhwan and Kim, Yeesuk and Kim, Young Soo and Jang, Jongseong},
  journal={American Journal of Roentgenology},
  volume={212},
  number={4},
  pages={734--740},
  year={2019},
  publisher={Am Roentgen Ray Soc}
}

@article{sharifi2021comparison,
  title={Comparison of the Particle Swarm Optimization with the Genetic Algorithms as a Training for Multilayer Perceptron Technique to Diagnose Thyroid Functional Disease},
  author={Sharifi, Ali and Alizadeh, Kamal},
  journal={Shiraz E-Medical Journal},
  volume={22},
  number={1},
  year={2021},
  publisher={Kowsar}
}

@article{razia2020machine,
  title={Machine learning techniques for Thyroid disease diagnosis: A systematic review},
  author={Razia, Shaik and Kumar, P Siva and Rao, A Srinivasa},
  journal={Modern Approaches in Machine Learning and Cognitive Science: A Walkthrough},
  pages={203--212},
  year={2020},
  publisher={Springer}
}

@incollection{vairale2021recommendation,
  title={Recommendation of Food Items for Thyroid Patients Using Content-Based KNN Method},
  author={Vairale, Vaishali S and Shukla, Samiksha},
  booktitle={Data Science and Security},
  pages={71--77},
  year={2021},
  publisher={Springer}
}

@article{shen2020diagnosis,
  title={Diagnosis of thyroid neoplasm using support vector machine algorithms based on platelet RNA-seq},
  author={Shen, Yuling and Lai, Yi and Xu, Dong and Xu, Le and Song, Lin and Zhou, Jiaqing and Song, Chengwen and Wang, Jiadong},
  journal={Endocrine},
  pages={1--26},
  year={2020},
  publisher={Springer}
}

@article{wu2020machine,
  title={Machine Learning Algorithms for the Prediction of Central Lymph Node Metastasis in Patients With Papillary Thyroid Cancer},
  author={Wu, Yijun and Rao, Ke and Liu, Jianghao and Han, Chang and Gong, Liang and Chong, Yuming and Liu, Ziwen and Xu, Xiequn},
  journal={Frontiers in endocrinology},
  volume={11},
  pages={816},
  year={2020},
  publisher={Frontiers}
}

@article{mcdow2020factors,
  title={Factors associated with physicians’ recommendations for managing low-risk papillary thyroid cancer},
  author={McDow, Alexandria D and Roman, Benjamin R and Saucke, Megan C and Jensen, Catherine B and Zaborek, Nick and Jennings, Jamia Linn and Davies, Louise and Brito, Juan P and Pitt, Susan C},
  journal={The American Journal of Surgery},
  year={2020},
  publisher={Elsevier}
}

@article{hsu2019papillary,
  title={Is papillary thyroid microcarcinoma a biologically different disease? A propensity score-matched analysis},
  author={Hsu, Yi-Chiung and Lee, Jie-Jen and Chien, Ming-Nan and Chen, Ming-Jen and Leung, Ching-Hsiang and Cheng, Shih-Ping},
  journal={Journal of surgical oncology},
  volume={120},
  number={6},
  pages={1023--1030},
  year={2019},
  publisher={Wiley Online Library}
}

@article{li2020arb,
  title={ARB: Knowledge Discovery and Disease Diagnosis on Thyroid Disease Diagnosis integrating Association Rule with Bagging Algorithm.},
  author={Li, Dongyang and Yang, Dan and Zhang, Jing},
  journal={Engineering Letters},
  volume={28},
  number={2},
  year={2020}
}

@article{abdolali2020systematic,
  title={A systematic review on the role of artificial intelligence in sonographic diagnosis of thyroid cancer: Past, present and future},
  author={Abdolali, Fatemeh and Shahroudnejad, Atefeh and Hareendranathan, Abhilash Rakkunedeth and Jaremko, Jacob L and Noga, Michelle and Punithakumar, Kumaradevan},
  year={2020},
  publisher={Infinite Study}
}

@article{manogaran2018machine,
  title={Machine learning based big data processing framework for cancer diagnosis using hidden Markov model and GM clustering},
  author={Manogaran, Gunasekaran and Vijayakumar, V and Varatharajan, R and Kumar, Priyan Malarvizhi and Sundarasekar, Revathi and Hsu, Ching-Hsien},
  journal={Wireless personal communications},
  volume={102},
  number={3},
  pages={2099--2116},
  year={2018},
  publisher={Springer}
}

@article{agrawal2019combining,
  title={Combining clustering and classification ensembles: A novel pipeline to identify breast cancer profiles},
  author={Agrawal, Utkarsh and Soria, Daniele and Wagner, Christian and Garibaldi, Jonathan and Ellis, Ian O and Bartlett, John MS and Cameron, David and Rakha, Emad A and Green, Andrew R},
  journal={Artificial intelligence in medicine},
  volume={97},
  pages={27--37},
  year={2019},
  publisher={Elsevier}
}

@article{de2008clustering,
  title={Clustering cancer gene expression data: a comparative study},
  author={de Souto, Marcilio CP and Costa, Ivan G and de Araujo, Daniel SA and Ludermir, Teresa B and Schliep, Alexander},
  journal={BMC bioinformatics},
  volume={9},
  number={1},
  pages={1--14},
  year={2008},
  publisher={BioMed Central}
}

@article{anas2017skin,
  title={Skin cancer classification using K-means clustering},
  author={Anas, Mohd and Gupta, Kailash and Ahmad, Shafeeq},
  journal={International Journal of Technical Research and Applications},
  volume={5},
  number={1},
  pages={62--65},
  year={2017}
}

@article{khan2021brain,
  title={Brain tumor segmentation using K-means clustering and deep learning with synthetic data augmentation for classification},
  author={Khan, Amjad Rehman and Khan, Siraj and Harouni, Majid and Abbasi, Rashid and Iqbal, Sajid and Mehmood, Zahid},
  journal={Microscopy Research and Technique},
  year={2021},
  publisher={Wiley Online Library}
}

@article{yu2017clustering,
  title={Clustering cancer gene expression data by projective clustering ensemble},
  author={Yu, Xianxue and Yu, Guoxian and Wang, Jun},
  journal={PloS one},
  volume={12},
  number={2},
  pages={e0171429},
  year={2017},
  publisher={Public Library of Science San Francisco, CA USA}
}

@article{chandel2020analysing,
  title={Analysing thyroid disease using density-based clustering technique},
  author={Chandel, Khushboo and Kunwar, Veenita and Sabitha, A Sai and Bansal, Abhay and Choudhury, Tanupriya},
  journal={International Journal of Business Intelligence and Data Mining},
  volume={17},
  number={3},
  pages={273--297},
  year={2020},
  publisher={Inderscience Publishers (IEL)}
}

@article{katikireddy2020performa,
  title={Performa analysis of clustering of thyroid drug data using fuzzy and m-clust},
  author={Katikireddy Srinivas, Dr KVD},
  journal={Journal of Critical Reviews},
  volume={7},
  number={11},
  pages={2128--2141},
  year={2020},
  publisher={Innovare Academics Sciences}
}

@article{venkataramana2018comparative,
  title={Comparative Study on performance of Fuzzy clustering algorithms on Liver and Thyroid Data},
  author={Venkataramana, B and Padmasree, L and Rao, M Srinivasa and Latha, D and Ganesan, G},
  journal={Journal of Fuzzy Set Valued Analysis},
  volume={2018},
  number={1},
  pages={1--9},
  year={2018}
}

@article{tarkov2012data,
  title={Data space dimensionality reduction in the problem of diagnosing a thyroid disease},
  author={Tarkov, MS and Chiglintsev, EA},
  journal={Bulletin of the Novosibirsk Computing Center. Series: Computer Science},
  pages={79--84},
  year={2012},
  publisher={Федеральное государственное бюджетное учреждение науки Институт~…}
}

@article{cui2018ovarian,
  title={Ovarian Cancer Identification Based On Feature Weighting For High-throughput Mass Spectrometry Data},
  author={Cui, Lili and Ge, Li and Gan, Hongbin and Liu, Xiaoping and Zhang, Yusen},
  journal={Journal of Systems Biology},
  volume={1},
  number={1},
  pages={1},
  year={2018},
  publisher={Open Access Pub}
}

@article{haji2019novel,
  title={A Novel Run-length based wavelet features for Screening Thyroid Nodule Malignancy},
  author={Haji, Salih Omer and Yousif, Raghad Zuhair},
  journal={Brazilian Archives of Biology and Technology},
  volume={62},
  year={2019},
  publisher={SciELO Brasil}
}

@article{chen2018disease,
  title={A disease diagnosis and treatment recommendation system based on big data mining and cloud computing},
  author={Chen, Jianguo and Li, Kenli and Rong, Huigui and Bilal, Kashif and Yang, Nan and Li, Keqin},
  journal={Information Sciences},
  volume={435},
  pages={124--149},
  year={2018},
  publisher={Elsevier}
}

@article{chai2020diagnosis,
  title={Diagnosis Method of Thyroid Disease Combining Knowledge Graph and Deep Learning},
  author={Chai, Xuqing},
  journal={IEEE Access},
  volume={8},
  pages={149787--149795},
  year={2020},
  publisher={IEEE}
}

@article{jagtap2016online,
  title={Online Healthcare System Using the Concept of Cloud Computing},
  author={Jagtap, Prajakta and Jagdale, Prachi and Gawade, Smita and Javalkar, PB},
  journal={International Journal of Scientific Research in Science, Engineering and Technology (ijsrset. com), IJSRSET},
  volume={2},
  number={2},
  year={2016}
}

@article{anuradha2021iot,
  title={IoT enabled cancer prediction system to enhance the authentication and security using cloud computing},
  author={Anuradha, M and Jayasankar, T and Prakash, NB and Sikkandar, Mohamed Yacin and Hemalakshmi, GR and Bharatiraja, C and Britto, A Sagai Francis},
  journal={Microprocessors and Microsystems},
  volume={80},
  pages={103301},
  year={2021},
  publisher={Elsevier}
}

@article{kevco2018cloud,
  title={Cloud computing-based parallel genetic algorithm for gene selection in cancer classification},
  author={Ke{\v{c}}o, Dino and Subasi, Abdulhamit and Kevric, Jasmin},
  journal={Neural Computing and Applications},
  volume={30},
  number={5},
  pages={1601--1610},
  year={2018},
  publisher={Springer}
}

@article{rajan2020fog,
  title={Fog computing employed computer aided cancer classification system using deep neural network in internet of things based healthcare system},
  author={Rajan, J Pandia and Rajan, S Edward and Martis, Roshan Joy and Panigrahi, Bijaya K},
  journal={Journal of medical systems},
  volume={44},
  number={2},
  pages={1--10},
  year={2020},
  publisher={Springer}
}

@article{mutlag2019enabling,
  title={Enabling technologies for fog computing in healthcare IoT systems},
  author={Mutlag, Ammar Awad and Abd Ghani, Mohd Khanapi and Arunkumar, Net al and Mohammed, Mazin Abed and Mohd, Othman},
  journal={Future Generation Computer Systems},
  volume={90},
  pages={62--78},
  year={2019},
  publisher={Elsevier}
}

@article{hartmann2019edge,
  title={Edge computing in smart health care systems: Review, challenges, and research directions},
  author={Hartmann, Morghan and Hashmi, Umair Sajid and Imran, Ali},
  journal={Transactions on Emerging Telecommunications Technologies},
  pages={e3710},
  year={2019},
  publisher={Wiley Online Library}
}

@article{corchado2019ai,
  title={AI, Blockchain and Edge Computing for Industrial Predictive Maintenance},
  author={Corchado Rodr{\'\i}guez, Juan Manuel and others},
  year={2019}
}

@article{murphy1994uci,
  title={UCI repository of machine learning databases},
  author={Murphy, Patrick M},
  journal={ftp:/pub/machine-learning-databaseonics. uci. edu},
  year={1994},
  publisher={University of California-Irvine}
}

@article{ha2019deep,
  title={Deep convolutional neural network models for the diagnosis of thyroid cancer},
  author={Ha, Eun Ju and Baek, Jung Hwan and Na, Dong Gyu},
  journal={The Lancet Oncology},
  volume={20},
  number={3},
  pages={e130},
  year={2019},
  publisher={Elsevier}
}

@article{zhang2020detection,
  title={The Detection of Hyperthyroidism by the Modified LeNet-5 Network},
  author={ZHANG, Q and HU, JX and ZHOU, S},
  journal={Indian Journal of Pharmaceutical Sciences},
  pages={108--114},
  year={2020},
  publisher={OMICS International}
}

@article{qiao2021deep,
  title={Deep learning for intelligent diagnosis in thyroid scintigraphy},
  author={Qiao, Tingting and Liu, Simin and Cui, Zhijun and Yu, Xiaqing and Cai, Haidong and Zhang, Huijuan and Sun, Ming and Lv, Zhongwei and Li, Dan},
  journal={Journal of International Medical Research},
  volume={49},
  number={1},
  pages={0300060520982842},
  year={2021},
  publisher={SAGE Publications Sage UK: London, England}
}

@inproceedings{cox2020hyperparameter,
  title={Hyperparameter selection for ResNet classification of malignancy from thyroid ultrasound images},
  author={Cox, Joseph and Rubin, Sydney and Adams, Joe and Pereira, Carina and Dighe, Manjiri and Alessio, Adam},
  booktitle={Medical Imaging 2020: Computer-Aided Diagnosis},
  volume={11314},
  pages={1131447},
  year={2020},
  organization={International Society for Optics and Photonics}
}

@article{chi2017thyroid,
  title={Thyroid nodule classification in ultrasound images by fine-tuning deep convolutional neural network},
  author={Chi, Jianning and Walia, Ekta and Babyn, Paul and Wang, Jimmy and Groot, Gary and Eramian, Mark},
  journal={Journal of digital imaging},
  volume={30},
  number={4},
  pages={477--486},
  year={2017},
  publisher={Springer}
}

@inproceedings{tekchandani2021severity,
  title={Severity Assessment of Cervical Lymph Nodes using Modified VGG-Net, and Squeeze and Excitation Concept},
  author={Tekchandani, Hitesh and Verma, Shrish and Londhe, Narendra D and Jain, Rajiv Ratan and Tiwari, Avani},
  booktitle={2021 IEEE 11th Annual Computing and Communication Workshop and Conference (CCWC)},
  pages={0709--0714},
  year={2021},
  organization={IEEE}
}

@article{ke2020development,
  title={Development of a self-constrained 3D DenseNet model in automatic detection and segmentation of nasopharyngeal carcinoma using magnetic resonance images},
  author={Ke, Liangru and Deng, Yishu and Xia, Weixiong and Qiang, Mengyun and Chen, Xi and Liu, Kuiyuan and Jing, Bingzhong and He, Caisheng and Xie, Chuanmiao and Guo, Xiang and others},
  journal={Oral Oncology},
  volume={110},
  pages={104862},
  year={2020},
  publisher={Elsevier}
}

@article{vasile2021intelligent,
  title={Intelligent Diagnosis of Thyroid Ultrasound Imaging Using an Ensemble of Deep Learning Methods},
  author={Vasile, Corina Maria and Udriștoiu, Anca Loredana and Ghenea, Alice Elena and Popescu, Mihaela and Gheonea, Cristian and Niculescu, Carmen Elena and Ungureanu, Anca Marilena and Udriștoiu, Ștefan and Drocaș, Andrei Ioan and Gruionu, Lucian Gheorghe and others},
  journal={Medicina},
  volume={57},
  number={4},
  pages={395},
  year={2021},
  publisher={Multidisciplinary Digital Publishing Institute}
}


@inproceedings{liu2017feature,
  title={Feature selection and thyroid nodule classification using transfer learning},
  author={Liu, Tianjiao and Xie, Shuaining and Zhang, Yukang and Yu, Jing and Niu, Lijuan and Sun, Weidong},
  booktitle={2017 IEEE 14th International Symposium on Biomedical Imaging (ISBI 2017)},
  pages={1096--1099},
  year={2017},
  organization={IEEE}
}

@article{chandran2021diagnosis,
  title={Diagnosis of Cervical Cancer based on Ensemble Deep Learning Network using Colposcopy Images},
  author={Chandran, Venkatesan and Sumithra, MG and Karthick, Alagar and George, Tony and Deivakani, M and Elakkiya, Balan and Subramaniam, Umashankar and Manoharan, S},
  journal={BioMed Research International},
  volume={2021},
  year={2021},
  publisher={Hindawi}
}

@article{lang2021joint,
  title={Joint Detection of Tap and CEA Based on Deep Learning Medical Image Segmentation: Risk Prediction of Thyroid Cancer},
  author={Lang, Shaolei and Xu, Yinxia and Li, Liang and Wang, Bin and Yang, Yang and Xue, Yan and Shi, Kexin},
  journal={Journal of Healthcare Engineering},
  volume={2021},
  year={2021},
  publisher={Hindawi}
}

@article{canton2021automatic,
  title={Automatic Detection of Thyroid and Adrenal Incidentals Using Radiology Reports and Deep Learning},
  author={Canton, Stephen P and Dadashzadeh, Esmaeel and Yip, Linwah and Forsythe, Raquel and Handzel, Robert},
  journal={Journal of Surgical Research},
  volume={266},
  pages={192--200},
  year={2021},
  publisher={Elsevier}
}

@article{pavithra2021optimal,
  title={Optimal Deep Learning with Kernel Extreme Learning Machine Based Thyroid Disease Diagnosis and Classification Model},
  author={Pavithra, R and Parthiban, Latha},
  journal={Journal of Computational and Theoretical Nanoscience},
  volume={18},
  number={3},
  pages={639--649},
  year={2021},
  publisher={American Scientific Publishers}
}



@article{himeur2021survey,
  title={A survey of recommender systems for energy efficiency in buildings: Principles, challenges and prospects},
  author={Himeur, Yassine and Alsalemi, Abdullah and Al-Kababji, Ayman and Bensaali, Faycal and Amira, Abbes and Sardianos, Christos and Dimitrakopoulos, George and Varlamis, Iraklis},
  journal={Information Fusion},
  volume={72},
  pages={1--21},
  year={2021},
  publisher={Elsevier}
}

@article{atalla2023intelligent,
  title={An Intelligent Recommendation System for Automating Academic Advising Based on Curriculum Analysis and Performance Modeling},
  author={Atalla, Shadi and Daradkeh, Mohammad and Gawanmeh, Amjad and Khalil, Hatim and Mansoor, Wathiq and Miniaoui, Sami and Himeur, Yassine},
  journal={Mathematics},
  volume={11},
  number={5},
  pages={1098},
  year={2023},
  publisher={MDPI}
}


@article{elmore2021blueprint,
  title={Blueprint for cancer research: Critical gaps and opportunities},
  author={Elmore, Lynne W and Greer, Susanna F and Daniels, Elvan C and Saxe, Charles C and Melner, Michael H and Krawiec, Ginger M and Cance, William G and Phelps, William C},
  journal={CA: A Cancer Journal for Clinicians},
  volume={71},
  number={2},
  pages={107--139},
  year={2021},
  publisher={Wiley Online Library}
}

@article{lee2021deep,
  title={A deep-learning model to assist thyroid nodule diagnosis and management},
  author={Lee, Joon-Hyop and Chai, Young Jun},
  journal={The Lancet Digital Health},
  year={2021},
  publisher={Elsevier}
}

@article{buda2019management,
  title={Management of thyroid nodules seen on US images: deep learning may match performance of radiologists},
  author={Buda, Mateusz and Wildman-Tobriner, Benjamin and Hoang, Jenny K and Thayer, David and Tessler, Franklin N and Middleton, William D and Mazurowski, Maciej A},
  journal={Radiology},
  volume={292},
  number={3},
  pages={695--701},
  year={2019},
  publisher={Radiological Society of North America}
}

@article{bai2020thyroid,
  title={Thyroid nodules risk stratification through deep learning based on ultrasound images},
  author={Bai, Ziyu and Chang, Luchen and Yu, Ruiguo and Li, Xuewei and Wei, Xi and Yu, Mei and Liu, Zhiqiang and Gao, Jie and Zhu, Jialin and Zhang, Yulin and others},
  journal={Medical Physics},
  year={2020},
  publisher={Wiley Online Library}
}

@article{colakoglu2019diagnostic,
  title={Diagnostic value of machine learning-based quantitative texture analysis in differentiating benign and malignant thyroid nodules},
  author={Colakoglu, Bulent and Alis, Deniz and Yergin, Mert},
  journal={Journal of oncology},
  volume={2019},
  year={2019},
  publisher={Hindawi}
}

@article{park2021combining,
  title={Combining radiomics with ultrasound-based risk stratification systems for thyroid nodules: an approach for improving performance},
  author={Park, Vivian Y and Lee, Eunjung and Lee, Hye Sun and Kim, Hye Jung and Yoon, Jiyoung and Son, Jinwoo and Song, Kijun and Moon, Hee Jung and Yoon, Jung Hyun and Kim, Ga Ram and others},
  journal={European Radiology},
  volume={31},
  number={4},
  pages={2405--2413},
  year={2021},
  publisher={Springer}
}
@article{sayed2023edge,
  title={Edge-Based Real-Time Occupancy Detection System through a Non-Intrusive Sensing System},
  author={Sayed, Aya Nabil and Bensaali, Faycal and Himeur, Yassine and Houchati, Mahdi},
  journal={Energies},
  volume={16},
  number={5},
  pages={2388},
  year={2023},
  publisher={MDPI}
}

@article{himeur2023face,
  title={Face mask detection in smart cities using deep and transfer learning: lessons learned from the COVID-19 pandemic},
  author={Himeur, Yassine and Al-Maadeed, Somaya and Varlamis, Iraklis and Al-Maadeed, Noor and Abualsaud, Khalid and Mohamed, Amr},
  journal={Systems},
  volume={11},
  number={2},
  pages={107},
  year={2023},
  publisher={MDPI}
}


@article{subrahmanya2022role,
  title={The role of data science in healthcare advancements: applications, benefits, and future prospects},
  author={Subrahmanya, Sri Venkat Gunturi and Shetty, Dasharathraj K and Patil, Vathsala and Hameed, BM Zeeshan and Paul, Rahul and Smriti, Komal and Naik, Nithesh and Somani, Bhaskar K},
  journal={Irish Journal of Medical Science (1971-)},
  volume={191},
  number={4},
  pages={1473--1483},
  year={2022},
  publisher={Springer}
}




@article{himeur2022deep,
  title={Deep visual social distancing monitoring to combat COVID-19: A comprehensive survey},
  author={Himeur, Yassine and Al-Maadeed, Somaya and Almaadeed, Noor and Abualsaud, Khalid and Mohamed, Amr and Khattab, Tamer and Elharrouss, Omar},
  journal={Sustainable cities and society},
  volume={85},
  pages={104064},
  year={2022},
  publisher={Elsevier}
}


@article{himeur2023ai,
  title={AI-big data analytics for building automation and management systems: a survey, actual challenges and future perspectives},
  author={Himeur, Yassine and Elnour, Mariam and Fadli, Fodil and Meskin, Nader and Petri, Ioan and Rezgui, Yacine and Bensaali, Faycal and Amira, Abbes},
  journal={Artificial Intelligence Review},
  volume={56},
  number={6},
  pages={4929--5021},
  year={2023},
  publisher={Springer}
}

@article{sohail2023decoding,
  title={Decoding ChatGPT: A Taxonomy of Existing Research, Current Challenges, and Possible Future Directions},
  author={Sohail, Shahab Saquib and Farhat, Faiza and Himeur, Yassine and Nadeem, Mohammad and Madsen, Dag {\O}ivind and Singh, Yashbir and Atalla, Shadi and Mansoor, Wathiq},
  journal={Journal of King Saud University-Computer and Information Sciences},
  pages={101675},
  year={2023},
  publisher={Elsevier}
}


@article{shah2023deep,
  title={Deep learning ensemble 2D CNN approach towards the detection of lung cancer},
  author={Shah, Asghar Ali and Malik, Hafiz Abid Mahmood and Muhammad, AbdulHafeez and Alourani, Abdullah and Butt, Zaeem Arif},
  journal={Scientific Reports},
  volume={13},
  number={1},
  pages={2987},
  year={2023},
  publisher={Nature Publishing Group UK London}
}



@article{liu2019prediction,
  title={Prediction of lymph node metastasis in patients with papillary thyroid carcinoma: a radiomics method based on preoperative ultrasound images},
  author={Liu, Tongtong and Zhou, Shichong and Yu, Jinhua and Guo, Yi and Wang, Yuanyuan and Zhou, Jin and Chang, Cai},
  journal={Technology in cancer research \& treatment},
  volume={18},
  pages={1533033819831713},
  year={2019},
  publisher={SAGE Publications Sage CA: Los Angeles, CA}
}

@article{liu2019value,
  title={The value of the computer-aided diagnosis system for thyroid lesions based on computed tomography images},
  author={Liu, Chenbin and Chen, Shanshan and Yang, Yunze and Shao, Dangdang and Peng, Wenxian and Wang, Yan and Chen, Yihong and Wang, Yuenan},
  journal={Quantitative imaging in medicine and surgery},
  volume={9},
  number={4},
  pages={642},
  year={2019},
  publisher={AME Publications}
}

@article{kumar2022artificial,
  title={Artificial intelligence in disease diagnosis: a systematic literature review, synthesizing framework and future research agenda},
  author={Kumar, Yogesh and Koul, Apeksha and Singla, Ruchi and Ijaz, Muhammad Fazal},
  journal={Journal of ambient intelligence and humanized computing},
  pages={1--28},
  year={2022},
  publisher={Springer}
}

@article{petersson2022challenges,
  title={Challenges to implementing artificial intelligence in healthcare: a qualitative interview study with healthcare leaders in Sweden},
  author={Petersson, Lena and Larsson, Ingrid and Nygren, Jens M and Nilsen, Per and Neher, Margit and Reed, Julie E and Tyskbo, Daniel and Svedberg, Petra},
  journal={BMC Health Services Research},
  volume={22},
  number={1},
  pages={1--16},
  year={2022},
  publisher={BioMed Central}
}

@inproceedings{djeffal2023automatic,
  title={Automatic Speech Recognition with BERT and CTC Transformers: A Review},
  author={Djeffal, Noussaiba and Kheddar, Hamza and Addou, Djamel and Mazari, Ahmed Cherif and Himeur, Yassine},
  booktitle={2023 2nd International Conference on Electronics, Energy and Measurement (IC2EM)},
  volume={1},
  pages={1--8},
  year={2023},
  organization={IEEE}
}

@article{sarker2022ai,
  title={Ai-based modeling: Techniques, applications and research issues towards automation, intelligent and smart systems},
  author={Sarker, Iqbal H},
  journal={SN Computer Science},
  volume={3},
  number={2},
  pages={158},
  year={2022},
  publisher={Springer}
}

@inproceedings{gueriani2023deep,
  title={Deep Reinforcement Learning for Intrusion Detection in IoT: A Survey},
  author={Gueriani, Afrah and Kheddar, Hamza and Mazari, Ahmed Cherif},
  booktitle={2023 2nd International Conference on Electronics, Energy and Measurement (IC2EM)},
  volume={1},
  pages={1--7},
  year={2023},
  organization={IEEE}
}

@article{areeb2023filter,
  title={Filter bubbles in recommender systems: Fact or fallacy—A systematic review},
  author={Areeb, Qazi Mohammad and Nadeem, Mohammad and Sohail, Shahab Saquib and Imam, Raza and Doctor, Faiyaz and Himeur, Yassine and Hussain, Amir and Amira, Abbes},
  journal={Wiley Interdisciplinary Reviews: Data Mining and Knowledge Discovery},
  pages={e1512},
  year={2023},
  publisher={Wiley Online Library}
}


@article{varlamis2022smart,
  title={Smart fusion of sensor data and human feedback for personalized energy-saving recommendations},
  author={Varlamis, Iraklis and Sardianos, Christos and Chronis, Christos and Dimitrakopoulos, George and Himeur, Yassine and Alsalemi, Abdullah and Bensaali, Faycal and Amira, Abbes},
  journal={Applied Energy},
  volume={305},
  pages={117775},
  year={2022},
  publisher={Elsevier}
}

@inproceedings{diogo2023weakly,
  title={Weakly-Supervised Diagnosis and Detection of Breast Cancer Using Deep Multiple Instance Learning},
  author={Diogo, Pedro and Morais, Margarida and Calisto, Francisco Maria and Santiago, Carlos and Aleluia, Clara and Nascimento, Jacinto C},
  booktitle={2023 IEEE 20th International Symposium on Biomedical Imaging (ISBI)},
  pages={1--4},
  year={2023},
  organization={IEEE}
}

@article{wang2023generalizable,
  title={A generalizable and robust deep learning algorithm for mitosis detection in multicenter breast histopathological images},
  author={Wang, Xiyue and Zhang, Jun and Yang, Sen and Xiang, Jingxi and Luo, Feng and Wang, Minghui and Zhang, Jing and Yang, Wei and Huang, Junzhou and Han, Xiao},
  journal={Medical Image Analysis},
  volume={84},
  pages={102703},
  year={2023},
  publisher={Elsevier}
}
@inproceedings{morais2023classification,
  title={Classification of Breast Cancer in Mri with Multimodal Fusion},
  author={Morais, Margarida and Calisto, Francisco Maria and Santiago, Carlos and Aleluia, Clara and Nascimento, Jacinto C},
  booktitle={2023 IEEE 20th International Symposium on Biomedical Imaging (ISBI)},
  pages={1--4},
  year={2023},
  organization={IEEE}
}
@article{kerdjidj2023uncovering,
  title={Uncovering the Potential of Indoor Localization: Role of Deep and Transfer Learning},
  author={Kerdjidj, Oussama and Himeur, Yassine and Sohail, Shahab Saquib and Amira, Abbes and Fadli, Fodil and Atalla, Shadi and Mansoor, Wathiq and Copiaco, Abigail and Daradkeh, Mohammad and Gawanmeh, Amjad and others},
  year={2023},
  publisher={Preprints}
}

@article{kheddar2023deepIDS,
  title={Deep transfer learning for intrusion detection in industrial control networks: A comprehensive review},
  author={Kheddar, Hamza and Himeur, Yassine and Awad, Ali Ismail},
  journal={Journal of Network and Computer Applications},
  volume={220},
  pages={103760},
  year={2023},
  publisher={Elsevier}
}


@article{kheddar2023deep,
title = {Deep transfer learning for automatic speech recognition: Towards better generalization},
journal = {Knowledge-Based Systems},
volume = {277},
pages = {110851},
year = {2023},
issn = {0950-7051},
author = {Hamza Kheddar and Yassine Himeur and Somaya Al-Maadeed and Abbes Amira and Faycal Bensaali},

}





@article{sayed2023time,
  title={From time-series to 2d images for building occupancy prediction using deep transfer learning},
  author={Sayed, Aya Nabil and Himeur, Yassine and Bensaali, Faycal},
  journal={Engineering Applications of Artificial Intelligence},
  volume={119},
  pages={105786},
  year={2023},
  publisher={Elsevier}
}


@article{himeur2023video,
  title={Video surveillance using deep transfer learning and deep domain adaptation: Towards better generalization},
  author={Himeur, Yassine and Al-Maadeed, Somaya and Kheddar, Hamza and Al-Maadeed, Noor and Abualsaud, Khalid and Mohamed, Amr and Khattab, Tamer},
  journal={Engineering Applications of Artificial Intelligence},
  volume={119},
  pages={105698},
  year={2023},
  publisher={Elsevier}
}


@article{himeur2021artificial,
  title={Artificial intelligence based anomaly detection of energy consumption in buildings: A review, current trends and new perspectives},
  author={Himeur, Yassine and Ghanem, Khalida and Alsalemi, Abdullah and Bensaali, Faycal and Amira, Abbes},
  journal={Applied Energy},
  volume={287},
  pages={116601},
  year={2021},
  publisher={Elsevier}
}

@article{duc2022ensemble,
  title={An ensemble deep learning for automatic prediction of papillary thyroid carcinoma using fine needle aspiration cytology},
  author={Duc, Nguyen Thanh and Lee, Yong-Moon and Park, Jae Hyun and Lee, Boreom},
  journal={Expert Systems with Applications},
  volume={188},
  pages={115927},
  year={2022},
  publisher={Elsevier}
}

@article{lin2021deep,
  title={Deep learning fast screening approach on cytological whole slides for thyroid cancer diagnosis},
  author={Lin, Yi-Jia and Chao, Tai-Kuang and Khalil, Muhammad-Adil and Lee, Yu-Ching and Hong, Ding-Zhi and Wu, Jia-Jhen and Wang, Ching-Wei},
  journal={Cancers},
  volume={13},
  number={15},
  pages={3891},
  year={2021},
  publisher={MDPI}
}

@article{park2021key,
  title={Key principles of clinical validation, device approval, and insurance coverage decisions of artificial intelligence},
  author={Park, Seong Ho and Choi, Jaesoon and Byeon, Jeong-Sik},
  journal={Korean journal of radiology},
  volume={22},
  number={3},
  pages={442},
  year={2021},
  publisher={Korean Society of Radiology}
}


@article{sardianos2021emergence,
  title={The emergence of explainability of intelligent systems: Delivering explainable and personalized recommendations for energy efficiency},
  author={Sardianos, Christos and Varlamis, Iraklis and Chronis, Christos and Dimitrakopoulos, George and Alsalemi, Abdullah and Himeur, Yassine and Bensaali, Faycal and Amira, Abbes},
  journal={International Journal of Intelligent Systems},
  volume={36},
  number={2},
  pages={656--680},
  year={2021},
  publisher={Wiley Online Library}
}


@article{kim2022second,
  title={Second primary malignancy risk in thyroid cancer and matched patients with and without radioiodine therapy analysis from the observational health data sciences and informatics},
  author={Kim, Seok and Bang, Ji-In and Boo, Dachung and Kim, Borham and Choi, In Young and Ko, SooJeong and Yoo, Ie Ryung and Kim, Kwangsoo and Kim, Junmo and Joo, YoungHwan and others},
  journal={European Journal of Nuclear Medicine and Molecular Imaging},
  volume={49},
  number={10},
  pages={3547--3556},
  year={2022},
  publisher={Springer}
}



@article{karsa2020optimized,
  title={An optimized and highly repeatable MRI acquisition and processing pipeline for quantitative susceptibility mapping in the head-and-neck region},
  author={Karsa, Anita and Punwani, Shonit and Shmueli, Karin},
  journal={Magnetic Resonance in Medicine},
  volume={84},
  number={6},
  pages={3206--3222},
  year={2020},
  publisher={Wiley Online Library}
}

@article{yao2022deepthy,
  title={DeepThy-Net: A Multimodal Deep Learning Method for Predicting Cervical Lymph Node Metastasis in Papillary Thyroid Cancer},
  author={Yao, Jincao and Lei, Zhikai and Yue, Wenwen and Feng, Bojian and Li, Wei and Ou, Di and Feng, Na and Lu, Yidan and Xu, Jing and Chen, Wencong and others},
  journal={Advanced Intelligent Systems},
  volume={4},
  number={10},
  pages={2200100},
  year={2022},
  publisher={Wiley Online Library}
}




@article{al2021cost,
  title={Cost-effectiveness of computed tomography nodal scan in patients with papillary thyroid carcinoma},
  author={Al-Qurayshi, Zaid and Randolph, Gregory W and Kandil, Emad},
  journal={Oral oncology},
  volume={118},
  pages={105326},
  year={2021},
  publisher={Elsevier}
}





@article{wang2022soft,
  title={A soft label deep learning to assist breast cancer target therapy and thyroid cancer diagnosis},
  author={Wang, Ching-Wei and Lin, Kuan-Yu and Lin, Yi-Jia and Khalil, Muhammad-Adil and Chu, Kai-Lin and Chao, Tai-Kuang},
  journal={Cancers},
  volume={14},
  number={21},
  pages={5312},
  year={2022},
  publisher={MDPI}
}





@article{zhu2021generic,
  title={A generic deep learning framework to classify thyroid and breast lesions in ultrasound images},
  author={Zhu, Yi-Cheng and AlZoubi, Alaa and Jassim, Sabah and Jiang, Quan and Zhang, Yuan and Wang, Yong-Bing and Ye, Xian-De and Hongbo, DU},
  journal={Ultrasonics},
  volume={110},
  pages={106300},
  year={2021},
  publisher={Elsevier}
}







@article{masuda2021machine,
  title={Machine learning to identify lymph node metastasis from thyroid cancer in patients undergoing contrast-enhanced CT studies},
  author={Masuda, T and Nakaura, T and Funama, Y and Sugino, K and Sato, T and Yoshiura, T and Baba, Y and Awai, K},
  journal={Radiography},
  volume={27},
  number={3},
  pages={920--926},
  year={2021},
  publisher={Elsevier}
}


@article{sohail2023using,
  title={Using ChatGPT to Navigate Ambivalent and Contradictory Research Findings on Artificial Intelligence},
  author={Sohail, Shahab Saquib and Madsen, Dag {\O}ivind and Himeur, Yassine and Ashraf, Maheen},
  journal={Frontiers in Artificial Intelligence},
  volume={6},
  pages={1195797},
  year={2023},
  publisher={Frontiers},
  doi={10.3389/frai.2023.1195797}
}





@article{farhat2023analyzing,
  title={Analyzing the scholarly footprint of ChatGPT: mapping the progress and identifying future trends},
  author={Farhat, Faiza and Silva, Emmanuel Sirimal and Hassani, Hossein and Madsen, Dag {\O}ivind and Sohail, Shahab Saquib and Himeur, Yassine and Alam, M Afshar and Zafar, Aasim},
  year={2023},
  publisher={Preprints}
}

@article{sohail2023future,
  title={The future of gpt: A taxonomy of existing chatgpt research, current challenges, and possible future directions},
  author={Sohail, Shahab Saquib and Farhat, Faiza and Himeur, Yassine and Nadeem, Mohammad and Madsen, Dag {\O}ivind and Singh, Yashbir and Atalla, Shadi and Mansoor, Wathiq},
  journal={Current Challenges, and Possible Future Directions (April 8, 2023)},
  year={2023}
}


@article{haver2023appropriateness,
  title={Appropriateness of Breast Cancer Prevention and Screening Recommendations Provided by ChatGPT},
  author={Haver, Hana L and Ambinder, Emily B and Bahl, Manisha and Oluyemi, Eniola T and Jeudy, Jean and Yi, Paul H},
  journal={Radiology},
  volume={307},
  number={4},
  pages={e230424},
  year={2023},
  publisher={Radiological Society of North America}
}
@article{cao2023accuracy,
  title={Accuracy of Information Provided by ChatGPT Regarding Liver Cancer Surveillance and Diagnosis},
  author={Cao, Jennie J and Kwon, Daniel H and Ghaziani, Tara T and Kwo, Paul and Tse, Gary and Kesselman, Andrew and Kamaya, Aya and Tse, Justin R},
  journal={American Journal of Roentgenology},
  year={2023},
  publisher={Am Roentgen Ray Soc}
}

@article{sorin2023large,
  title={Large language model (ChatGPT) as a support tool for breast tumor board},
  author={Sorin, Vera and Klang, Eyal and Sklair-Levy, Miri and Cohen, Israel and Zippel, Douglas B and Balint Lahat, Nora and Konen, Eli and Barash, Yiftach},
  journal={NPJ Breast Cancer},
  volume={9},
  number={1},
  pages={44},
  year={2023},
  publisher={Nature Publishing Group UK London}
}



@article{dinvcic2020fractal,
  title={The fractal and GLCM textural parameters of chromatin may be potential biomarkers of papillary thyroid carcinoma in Hashimoto's thyroiditis specimens},
  author={Din{\v{c}}i{\'c}, Marko and Todorovi{\'c}, Jasna and Ostoji{\'c}, Jelena Ne{\v{s}}ovi{\'c} and Kova{\v{c}}evi{\'c}, Sanjin and Dun{\dj}erovi{\'c}, Du{\v{s}}ko and Lopi{\v{c}}i{\'c}, Sr{\dj}an and Spasi{\'c}, Svetolik and Radojevi{\'c}-{\"S}kodri{\'c}, Sanja and Stanisavljevi{\'c}, Dejana and Ili{\'c}, Andjelija {\v{Z}}},
  journal={Microscopy and Microanalysis},
  volume={26},
  number={4},
  pages={717--730},
  year={2020},
  publisher={Cambridge University Press}
}





































